@article{scikitlearn-full,
 title={Scikit-learn: Machine Learning in Python},
 author={Pedregosa, F. and Varoquaux, G. and Gramfort, A. and Michel, V.
         and Thirion, B. and Grisel, O. and Blondel, M. and Prettenhofer, P.
         and Weiss, R. and Dubourg, V. and Vanderplas, J. and Passos, A. and
         Cournapeau, D. and Brucher, M. and Perrot, M. and Duchesnay, E.},
 journal={Journal of Machine Learning Research},
 volume={12},
 pages={2825--2830},
 year={2011}
}

@InProceedings{rudin-aaai18,
  author =       {Oscar Li and
               Hao Liu and
               Chaofan Chen and
               Cynthia Rudin},
  title =        {Deep Learning for Case-based Reasoning through Prototypes: {A} Neural Network that Explains its Predictions},
  booktitle = {AAAI},
  year =      {2018}
}

@TechReport{xai-memo-common17,
  author =       {Joao {Marques-Silva et al.}},
  title =        {Learning Explainable Models with {SAT}},
  institution =  {LASIGE, FCUL},
  year =         {2017},
  OPTkey =       {},
  OPTtype =      {},
  OPTnumber =    {},
  OPTaddress =   {},
  OPTmonth =     {},
  OPTnote =      {},
  OPTannote =    {}
}

@TechReport{xai-memo-dt17,
  author =       {Joao {Marques-Silva et al.}},
  title =        {Learning Decision Trees with {SAT}},
  institution =  {LASIGE, FCUL},
  year =         {2017},
  OPTkey =       {},
  OPTtype =      {},
  OPTnumber =    {},
  OPTaddress =   {},
  OPTmonth =     {},
  OPTnote =      {},
  OPTannote =    {}
}

@TechReport{xai-memo-ds17,
  author =       {Joao {Marques-Silva et al.}},
  title =        {Learning Decision Sets with {SAT}},
  institution =  {LASIGE, FCUL},
  year =         {2017},
  OPTkey =       {},
  OPTtype =      {},
  OPTnumber =    {},
  OPTaddress =   {},
  OPTmonth =     {},
  OPTnote =      {},
  OPTannote =    {}
}

@Misc{nipsw17,
  OPTkey =       {},
  author =    {{NIPS~IML~Symposium}},
  title =     {{NIPS} Interpretable {ML} Symposium},
  howpublished = {\url{http://interpretable.ml/}},
  month =     {December},
  year =      {2017},
  OPTnote =      {},
  OPTannote =    {}
}

@Misc{icmlw17,
  OPTkey =       {},
  author =    {{ICML~WHI~Workshop}},
  title =     {{ICML}  Workshop on Human Interpretability in Machine Learning},
  howpublished = {\url{https://sites.google.com/view/whi2017/home}},
  month =     {August},
  year =      {2017},
  OPTnote =      {},
  OPTannote =    {},
  OPTxurl = {\url{https://arxiv.org/html/1708.02666}}
}

@Misc{ijcaiw17,
  OPTkey =       {},
  author =    {{IJCAI~XAI~Workshop}},
  title =     {{IJCAI} Workshop on Explainable Artificial Intelligence {(XAI)}},
  howpublished = {\url{http://home.earthlink.net/~dwaha/research/meetings/ijcai17-xai/}},
  month =     {August},
  year =      {2017},
  OPTnote =      {},
  OPTannote =    {}
}

@article{weller-whi17,
  author    = {Adrian Weller},
  title     = {Challenges for Transparency},
  journal   = {CoRR},
  volume    = {abs/1708.01870},
  year      = {2017},
  url       = {http://arxiv.org/abs/1708.01870},
  archivePrefix = {arXiv},
  eprint    = {1708.01870},
  timestamp = {Tue, 05 Sep 2017 10:03:46 +0200},
  biburl    = {http://dblp.org/rec/bib/journals/corr/abs-1708-01870},
  bibsource = {dblp computer science bibliography, http://dblp.org}
}

@article{rudin-corr17a,
  author    = {Oscar Li and
               Hao Liu and
               Chaofan Chen and
               Cynthia Rudin},
  title     = {Deep Learning for Case-based Reasoning through Prototypes: {A} Neural Network that Explains its Predictions},
  journal   = {CoRR},
  volume    = {abs/1710.04806},
  year      = {2017}
}

@article{leskovec-corr17,
  author    = {Himabindu Lakkaraju and
               Ece Kamar and
               Rich Caruana and
               Jure Leskovec},
  title     = {Interpretable {\&} Explorable Approximations of Black Box Models},
  journal   = {CoRR},
  volume    = {abs/1707.01154},
  year      = {2017},
  url       = {http://arxiv.org/abs/1707.01154},
  archivePrefix = {arXiv},
  eprint    = {1707.01154},
  timestamp = {Sat, 05 Aug 2017 14:56:04 +0200},
  biburl    = {http://dblp.org/rec/bib/journals/corr/LakkarajuKCL17},
  bibsource = {dblp computer science bibliography, http://dblp.org}
}

@article{kim-corr17,
  author    = {Finale Doshi{-}Velez and
               Been Kim},
  title     = {A Roadmap for a Rigorous Science of Interpretability},
  journal   = {CoRR},
  volume    = {abs/1702.08608},
  year      = {2017},
  url       = {http://arxiv.org/abs/1702.08608},
  archivePrefix = {arXiv},
  eprint    = {1702.08608},
  timestamp = {Wed, 07 Jun 2017 14:43:02 +0200},
  biburl    = {http://dblp.org/rec/bib/journals/corr/Doshi-VelezK17},
  bibsource = {dblp computer science bibliography, http://dblp.org}
}

@inproceedings{rudin-kdd17a,
  author    = {Elaine Angelino and
               Nicholas Larus{-}Stone and
               Daniel Alabi and
               Margo Seltzer and
               Cynthia Rudin},
  title     = {Learning Certifiably Optimal Rule Lists},
  OPTbooktitle = {Proceedings of the 23rd {ACM} {SIGKDD} International Conference on
               Knowledge Discovery and Data Mining, Halifax, NS, Canada, August 13
               - 17, 2017},
  booktitle = {KDD},
  pages     = {35--44},
  year      = {2017}
}

@proceedings{DBLP:conf/kdd/2017,
  title     = {Proceedings of the 23rd {ACM} {SIGKDD} International Conference on
               Knowledge Discovery and Data Mining, Halifax, NS, Canada, August 13
               - 17, 2017},
  publisher = {{ACM}},
  year      = {2017},
  url       = {http://doi.acm.org/10.1145/3097983},
  doi       = {10.1145/3097983},
  isbn      = {978-1-4503-4887-4},
  timestamp = {Tue, 15 Aug 2017 16:10:36 +0200},
  biburl    = {http://dblp.org/rec/bib/conf/kdd/2017},
  bibsource = {dblp computer science bibliography, http://dblp.org}
}


@inproceedings{imms-ijcai17,
  author    = {Alexey Ignatiev and
               Ant{\'{o}}nio Morgado and
               Joao Marques{-}Silva},
  title     = {Cardinality Encodings for Graph Optimization Problems},
  OPTbooktitle = {Proceedings of the Twenty-Sixth International Joint Conference on
               Artificial Intelligence, {IJCAI} 2017, Melbourne, Australia, August
               19-25, 2017},
  booktitle = {IJCAI},
  pages     = {652--658},
  year      = {2017},
  OPTcrossref  = {DBLP:conf/ijcai/2017},
  OPTurl       = {https://doi.org/10.24963/ijcai.2017/91},
  OPTdoi       = {10.24963/ijcai.2017/91},
  timestamp = {Tue, 15 Aug 2017 14:48:05 +0200},
  biburl    = {http://dblp.org/rec/bib/conf/ijcai/IgnatievMM17},
  bibsource = {dblp computer science bibliography, http://dblp.org}
}

@proceedings{DBLP:conf/ijcai/2017,
  editor    = {Carles Sierra},
  title     = {Proceedings of the Twenty-Sixth International Joint Conference on
               Artificial Intelligence, {IJCAI} 2017, Melbourne, Australia, August
               19-25, 2017},
  publisher = {ijcai.org},
  year      = {2017},
  url       = {http://www.ijcai.org/Proceedings/2017/},
  isbn      = {978-0-9992411-0-3},
  timestamp = {Tue, 15 Aug 2017 13:02:43 +0200},
  biburl    = {http://dblp.org/rec/bib/conf/ijcai/2017},
  bibsource = {dblp computer science bibliography, http://dblp.org}
}

@article{rudin-jmlr17,
  author    = {Tong Wang and
               Cynthia Rudin and
               Finale Doshi{-}Velez and
               Yimin Liu and
               Erica Klampfl and
               Perry MacNeille},
  title     = {A Bayesian Framework for Learning Rule Sets for Interpretable Classification},
  journal   = {Journal of Machine Learning Research},
  volume    = {18},
  pages     = {70:1--70:37},
  year      = {2017}
}

@article{goodman-aimag17,
  author    = {Bryce Goodman and
               Seth R. Flaxman},
  title     = {European {U}nion Regulations on Algorithmic Decision-Making and a "Right to Explanation"},
  journal   = {{AI} Magazine},
  volume    = {38},
  number    = {3},
  pages     = {50--57},
  year      = {2017},
  url       = {https://www.aaai.org/ojs/index.php/aimagazine/article/view/2741},
  timestamp = {Mon, 13 Nov 2017 18:31:59 +0100},
  biburl    = {http://dblp.org/rec/bib/journals/aim/GoodmanF17},
  bibsource = {dblp computer science bibliography, http://dblp.org}
}

@article{varshney-corr16,
  author    = {Guolong Su and
               Dennis Wei and
               Kush R. Varshney and
               Dmitry M. Malioutov},
  title     = {Interpretable Two-level Boolean Rule Learning for Classification},
  journal   = {CoRR},
  volume    = {abs/1606.05798},
  year      = {2016},
  url       = {http://arxiv.org/abs/1606.05798},
  archivePrefix = {arXiv},
  eprint    = {1606.05798},
  timestamp = {Wed, 07 Jun 2017 14:41:20 +0200},
  biburl    = {http://dblp.org/rec/bib/journals/corr/SuWVM16},
  bibsource = {dblp computer science bibliography, http://dblp.org}
}

@article{goodman-corr16,
  author    = {Bryce Goodman and
               Seth R. Flaxman},
  title     = {{EU} regulations on algorithmic decision-making and a "right to explanation"},
  journal   = {CoRR},
  volume    = {abs/1606.08813},
  year      = {2016},
  url       = {http://arxiv.org/abs/1606.08813},
  archivePrefix = {arXiv},
  eprint    = {1606.08813},
  timestamp = {Mon, 13 Nov 2017 18:31:59 +0100},
  biburl    = {http://dblp.org/rec/bib/journals/corr/GoodmanF16},
  bibsource = {dblp computer science bibliography, http://dblp.org}
}

@Misc{darpa-xai16,
  OPTkey =       {},
  author =    {DARPA},
  title =     {{DARPA} Explainable {A}rtificial {I}ntelligence {(XAI)} program},
  howpublished = {\url{https://www.darpa.mil/program/explainable-artificial-intelligence}},
  OPTmonth =     {},
  year =      {2016},
  OPTnote =      {Broad Agency Announcement. \url{http://www.darpa.mil/attachments/DARPA-BAA-16-53.pdf}},
  OPTannote =    {}
}

@inproceedings{leskovec-kdd16,
  author    = {Himabindu Lakkaraju and
               Stephen H. Bach and
               Jure Leskovec},
  title     = {Interpretable Decision Sets: {A} Joint Framework for Description and
               Prediction},
  OPTbooktitle = {Proceedings of the 22nd {ACM} {SIGKDD} International Conference on
               Knowledge Discovery and Data Mining, San Francisco, CA, USA, August
               13-17, 2016},
  booktitle = {KDD},
  pages     = {1675--1684},
  year      = {2016},
  OPTcrossref  = {DBLP:conf/kdd/2016},
  OPTurl       = {http://doi.acm.org/10.1145/2939672.2939874},
  OPTdoi       = {10.1145/2939672.2939874},
  timestamp = {Sat, 16 Sep 2017 12:09:52 +0200},
  biburl    = {http://dblp.org/rec/bib/conf/kdd/LakkarajuBL16},
  bibsource = {dblp computer science bibliography, http://dblp.org}
}

@proceedings{DBLP:conf/kdd/2016,
  editor    = {Balaji Krishnapuram and
               Mohak Shah and
               Alexander J. Smola and
               Charu C. Aggarwal and
               Dou Shen and
               Rajeev Rastogi},
  title     = {Proceedings of the 22nd {ACM} {SIGKDD} International Conference on
               Knowledge Discovery and Data Mining, San Francisco, CA, USA, August
               13-17, 2016},
  publisher = {{ACM}},
  year      = {2016},
  url       = {http://doi.acm.org/10.1145/2939672},
  doi       = {10.1145/2939672},
  isbn      = {978-1-4503-4232-2},
  timestamp = {Tue, 15 Aug 2017 18:11:49 +0200},
  biburl    = {http://dblp.org/rec/bib/conf/kdd/2016},
  bibsource = {dblp computer science bibliography, http://dblp.org}
}

@Misc{eu-reg16,
  OPTkey =       {},
  OPTauthor =    {{EU General Data Protection Regulation}},
  author =    {{EU Data Protection Regulation}},
  title =     {REGULATION ({EU}) 2016/679 OF THE {E}UROPEAN {P}ARLIAMENT AND OF THE {C}OUNCIL},
  howpublished = {\url{http://eur-lex.europa.eu/legal-content/EN/TXT/PDF/?uri=CELEX:32016R0679&from=en}},
  OPTmonth =     {},
  year =      {2016},
  OPTnote =      {27 April 2016},
  OPTannote =    {}
}

@article{rudin-corr15,
  author    = {Tong Wang and
               Cynthia Rudin and
               Finale Doshi{-}Velez and
               Yimin Liu and
               Erica Klampfl and
               Perry MacNeille},
  title     = {{Or}'s of {And}'s for Interpretable Classification, with Application to
               Context-Aware Recommender Systems},
  journal   = {CoRR},
  volume    = {abs/1504.07614},
  year      = {2015}
}

@article{varshney-corr15,
  author    = {Guolong Su and
               Dennis Wei and
               Kush R. Varshney and
               Dmitry M. Malioutov},
  title     = {Interpretable Two-level Boolean Rule Learning for Classification},
  journal   = {CoRR},
  volume    = {abs/1511.07361},
  year      = {2015},
  url       = {http://arxiv.org/abs/1511.07361},
  archivePrefix = {arXiv},
  eprint    = {1511.07361},
  timestamp = {Wed, 07 Jun 2017 14:42:54 +0200},
  biburl    = {http://dblp.org/rec/bib/journals/corr/SuWVM15},
  bibsource = {dblp computer science bibliography, http://dblp.org}
}

@inproceedings{ipms-sat15,
  author    = {Alexey Ignatiev and
               Alessandro Previti and
               Joao Marques{-}Silva},
  title     = {{SAT}-Based Formula Simplification},
  booktitle = {SAT},
  pages     = {287--298},
  year      = {2015},
  doi       = {10.1007/978-3-319-24318-4_21}
}

@article{rudin-aas15,
  title={Interpretable classifiers using rules and bayesian analysis: Building a better stroke prediction model},
  author={Letham, Benjamin and Rudin, Cynthia and McCormick, Tyler H and Madigan, David and others},
  journal={The Annals of Applied Statistics},
  volume={9},
  number={3},
  pages={1350--1371},
  year={2015},
  OPTpublisher={Institute of Mathematical Statistics}
}

@article{jordan-science15,
  title={Machine learning: Trends, perspectives, and prospects},
  author={Jordan, Michael I and Mitchell, Tom M},
  journal={Science},
  volume={349},
  number={6245},
  pages={255--260},
  year={2015},
  publisher={American Association for the Advancement of Science}
}

@article{bengio-nature15,
  title={Deep learning},
  author={LeCun, Yann and Bengio, Yoshua and Hinton, Geoffrey},
  journal={Nature},
  volume={521},
  number={7553},
  pages={436},
  year={2015},
  publisher={Nature Publishing Group}
}

@article{silver-nature15,
  title={Human-level control through deep reinforcement learning},
  author={Mnih, Volodymyr and Kavukcuoglu, Koray and Silver, David and Rusu, Andrei A and Veness, Joel and Bellemare, Marc G and Graves, Alex and Riedmiller, Martin and Fidjeland, Andreas K and Ostrovski, Georg and others},
  journal={Nature},
  volume={518},
  number={7540},
  pages={529},
  year={2015},
  publisher={Nature Publishing Group}
}

@book{freitas-bk15,
  author    = {Rodrigo C. Barros and
               Andr{\'{e}} C. P. L. F. de Carvalho and
               Alex Alves Freitas},
  title     = {Automatic Design of Decision-Tree Induction Algorithms},
  OPTseries    = {Springer Briefs in Computer Science},
  publisher = {Springer},
  year      = {2015},
  OPTurl       = {https://doi.org/10.1007/978-3-319-14231-9},
  OPTdoi       = {10.1007/978-3-319-14231-9},
  isbn      = {978-3-319-14230-2},
  timestamp = {Tue, 16 May 2017 14:24:28 +0200},
  biburl    = {http://dblp.org/rec/bib/series/sbcs/BarrosCF15},
  bibsource = {dblp computer science bibliography, http://dblp.org}
}

@book{rokach-bk15,
  author    = {Lior Rokach and
               Oded Maimon},
  title     = {Data Mining with Decision Trees},
  OPTtitle     = {Data Mining with Decision Trees - Theory and Applications. 2\({}^{\mbox{nd}}\) Edition},
  OPTseries    = {Series in Machine Perception and Artificial Intelligence},
  OPTvolume    = {81},
  publisher = {WorldScientific},
  year      = {2015},
  OPTurl       = {https://doi.org/10.1142/9097},
  OPTdoi       = {10.1142/9097},
  isbn      = {978-981-4590-07-5},
  timestamp = {Tue, 16 May 2017 14:24:22 +0200},
  biburl    = {http://dblp.org/rec/bib/series/smpai/RokachM14},
  bibsource = {dblp computer science bibliography, http://dblp.org}
}

@MastersThesis{dufour-msc14,
  author =       {David Dufour},
  title =        {Finding Cost-Efficient Decision Trees},
  school =       {University of Waterloo},
  year =         {2014},
  OPTkey =       {},
  OPTtype =      {},
  OPTaddress =   {},
  OPTmonth =     {},
  OPTnote =      {},
  OPTannote =    {}
}

@inproceedings{koshimura-ictai13,
  author    = {Toru Ogawa and
               Yangyang Liu and
               Ryuzo Hasegawa and
               Miyuki Koshimura and
               Hiroshi Fujita},
  title     = {Modulo Based {CNF} Encoding of Cardinality Constraints and Its Application
               to {MaxSAT} Solvers},
  OPTbooktitle = {2013 {IEEE} 25th International Conference on Tools with Artificial
               Intelligence, Herndon, VA, USA, November 4-6, 2013},
  booktitle = {ICTAI},
  pages     = {9--17},
  year      = {2013},
  OPTcrossref  = {DBLP:conf/ictai/2013},
  OPTurl       = {http://dx.doi.org/10.1109/ICTAI.2013.13},
  OPTdoi       = {10.1109/ICTAI.2013.13},
  timestamp = {Thu, 18 Dec 2014 16:57:42 +0100},
  biburl    = {http://dblp.uni-trier.de/rec/bib/conf/ictai/OgawaLHKF13},
  bibsource = {dblp computer science bibliography, http://dblp.org}
}

@proceedings{DBLP:conf/ictai/2013,
  title     = {2013 {IEEE} 25th International Conference on Tools with Artificial
               Intelligence, Herndon, VA, USA, November 4-6, 2013},
  publisher = {{IEEE} Computer Society},
  year      = {2013},
  url       = {http://ieeexplore.ieee.org/xpl/mostRecentIssue.jsp?punumber=6734837},
  isbn      = {978-1-4799-2971-9},
  timestamp = {Thu, 18 Dec 2014 16:57:42 +0100},
  biburl    = {http://dblp.uni-trier.de/rec/bib/conf/ictai/2013},
  bibsource = {dblp computer science bibliography, http://dblp.org}
}

@inproceedings{mshjpb-ijcai13,
  author    = {Jo{\~{a}}o Marques{-}Silva and
               Federico Heras and
               Mikol{\'{a}}s Janota and
               Alessandro Previti and
               Anton Belov},
  title     = {On Computing Minimal Correction Subsets},
  OPTbooktitle = {{IJCAI} 2013, Proceedings of the 23rd International Joint Conference
               on Artificial Intelligence, Beijing, China, August 3-9, 2013},
  booktitle = {IJCAI},
  pages     = {615--622},
  year      = {2013},
  OPTcrossref  = {DBLP:conf/ijcai/2013},
  OPTurl       = {http://www.aaai.org/ocs/index.php/IJCAI/IJCAI13/paper/view/6922},
  timestamp = {Wed, 20 Jul 2016 15:16:56 +0200},
  biburl    = {http://dblp.org/rec/bib/conf/ijcai/Marques-SilvaHJPB13},
  bibsource = {dblp computer science bibliography, http://dblp.org}
}

@proceedings{DBLP:conf/ijcai/2013,
  editor    = {Francesca Rossi},
  title     = {{IJCAI} 2013, Proceedings of the 23rd International Joint Conference
               on Artificial Intelligence, Beijing, China, August 3-9, 2013},
  publisher = {{IJCAI/AAAI}},
  year      = {2013},
  url       = {http://ijcai.org/proceedings/2013},
  isbn      = {978-1-57735-633-2},
  timestamp = {Wed, 20 Jul 2016 15:16:56 +0200},
  biburl    = {http://dblp.org/rec/bib/conf/ijcai/2013},
  bibsource = {dblp computer science bibliography, http://dblp.org}
}

@inproceedings{caruana-kdd12,
  author    = {Yin Lou and
               Rich Caruana and
               Johannes Gehrke},
  title     = {Intelligible models for classification and regression},
  OPTbooktitle = {The 18th {ACM} {SIGKDD} International Conference on Knowledge Discovery
               and Data Mining, {KDD} '12, Beijing, China, August 12-16, 2012},
  booktitle = {KDD},
  pages     = {150--158},
  year      = {2012},
  OPTcrossref  = {DBLP:conf/kdd/2012},
  OPTurl       = {http://doi.acm.org/10.1145/2339530.2339556},
  OPTdoi       = {10.1145/2339530.2339556},
  timestamp = {Wed, 11 Dec 2013 16:46:50 +0100},
  biburl    = {http://dblp.org/rec/bib/conf/kdd/LouCG12},
  bibsource = {dblp computer science bibliography, http://dblp.org}
}

@proceedings{DBLP:conf/kdd/2012,
  editor    = {Qiang Yang and
               Deepak Agarwal and
               Jian Pei},
  title     = {The 18th {ACM} {SIGKDD} International Conference on Knowledge Discovery
               and Data Mining, {KDD} '12, Beijing, China, August 12-16, 2012},
  publisher = {{ACM}},
  year      = {2012},
  url       = {http://dl.acm.org/citation.cfm?id=2339530},
  isbn      = {978-1-4503-1462-6},
  timestamp = {Wed, 11 Dec 2013 16:46:50 +0100},
  biburl    = {http://dblp.org/rec/bib/conf/kdd/2012},
  bibsource = {dblp computer science bibliography, http://dblp.org}
}

@book{furnkranz-bk12,
  author    = {Johannes F{\"{u}}rnkranz and
               Dragan Gamberger and
               Nada Lavrac},
  title     = {Foundations of Rule Learning},
  OPTseries    = {Cognitive Technologies},
  publisher = {Springer},
  year      = {2012},
  OPTurl       = {https://doi.org/10.1007/978-3-540-75197-7},
  OPTdoi       = {10.1007/978-3-540-75197-7},
  isbn      = {978-3-540-75196-0},
  timestamp = {Wed, 14 Jun 2017 20:39:09 +0200},
  biburl    = {http://dblp.org/rec/bib/series/cogtech/FurnkranzGL12},
  bibsource = {dblp computer science bibliography, http://dblp.org}
}

@article{nieuwenhuis-cj11,
  author    = {Roberto As{\'{\i}}n and
               Robert Nieuwenhuis and
               Albert Oliveras and
               Enric Rodr{\'{\i}}guez{-}Carbonell},
  title     = {Cardinality Networks: a theoretical and empirical study},
  journal   = {Constraints},
  volume    = {16},
  number    = {2},
  pages     = {195--221},
  year      = {2011},
  OPTurl       = {http://dx.doi.org/10.1007/s10601-010-9105-0},
  OPTdoi       = {10.1007/s10601-010-9105-0},
  timestamp = {Mon, 18 Apr 2011 10:46:20 +0200},
  biburl    = {http://dblp.uni-trier.de/rec/bib/journals/constraints/AsinNOR11},
  bibsource = {dblp computer science bibliography, http://dblp.org}
}

@article{feige-sjc11,
  author    = {Uriel Feige and
               Vahab S. Mirrokni and
               Jan Vondr{\'{a}}k},
  title     = {Maximizing Non-monotone Submodular Functions},
  journal   = {{SIAM} J. Comput.},
  volume    = {40},
  number    = {4},
  pages     = {1133--1153},
  year      = {2011},
  url       = {https://doi.org/10.1137/090779346},
  doi       = {10.1137/090779346},
  timestamp = {Sat, 27 May 2017 14:22:59 +0200},
  biburl    = {http://dblp.org/rec/bib/journals/siamcomp/FeigeMV11},
  bibsource = {dblp computer science bibliography, http://dblp.org}
}

@article{umans-jcss11,
  author    = {David Buchfuhrer and
               Christopher Umans},
  title     = {The complexity of Boolean formula minimization},
  journal   = {J. Comput. Syst. Sci.},
  volume    = {77},
  number    = {1},
  pages     = {142--153},
  year      = {2011},
  url       = {https://doi.org/10.1016/j.jcss.2010.06.011},
  doi       = {10.1016/j.jcss.2010.06.011},
  timestamp = {Sat, 20 May 2017 00:25:56 +0200},
  biburl    = {http://dblp.org/rec/bib/journals/jcss/BuchfuhrerU11},
  bibsource = {dblp computer science bibliography, http://dblp.org}
}

@book{han-bk12,
  author    = {Jiawei Han and
               Micheline Kamber and
               Jian Pei},
  title     = {Data Mining: Concepts and Techniques, 3rd edition},
  publisher = {Morgan Kaufmann},
  year      = {2012},
  OPTurl       = {http://hanj.cs.illinois.edu/bk3/},
  isbn      = {978-0123814791},
  timestamp = {Mon, 05 Jun 2017 13:20:20 +0200},
  biburl    = {http://dblp.org/rec/bib/books/mk/HanKP2011},
  bibsource = {dblp computer science bibliography, http://dblp.org}
}

@article{hauser-jmr10,
  title={Disjunctions of conjunctions, cognitive simplicity, and consideration sets},
  author={Hauser, John R and Toubia, Olivier and Evgeniou, Theodoros and Befurt, Rene and Dzyabura, Daria},
  journal={Journal of Marketing Research},
  volume={47},
  number={3},
  pages={485--496},
  year={2010},
  publisher={American Marketing Association}
}

@book{triantaphyllou-bk10,
  title={Data mining and knowledge discovery via logic-based methods: theory, algorithms, and applications},
  author={Triantaphyllou, Evangelos},
  OPTvolume={43},
  year={2010},
  publisher={Springer},
  OPTpublisher={Springer Science \& Business Media}
}

@inproceedings{bessiere-cp09,
  author    = {Christian Bessiere and
               Emmanuel Hebrard and
               Barry O'Sullivan},
  title     = {Minimising Decision Tree Size as Combinatorial Optimisation},
  OPTbooktitle = {Principles and Practice of Constraint Programming - {CP} 2009, 15th
               International Conference, {CP} 2009, Lisbon, Portugal, September 20-24,
               2009, Proceedings},
  booktitle = {CP},
  pages     = {173--187},
  year      = {2009},
  OPTcrossref  = {DBLP:conf/cp/2009},
  OPTurl       = {https://doi.org/10.1007/978-3-642-04244-7_16},
  OPTdoi       = {10.1007/978-3-642-04244-7_16},
  timestamp = {Thu, 15 Jun 2017 21:35:22 +0200},
  biburl    = {http://dblp.org/rec/bib/conf/cp/BessiereHO09},
  bibsource = {dblp computer science bibliography, http://dblp.org}
}

@proceedings{DBLP:conf/cp/2009,
  editor    = {Ian P. Gent},
  title     = {Principles and Practice of Constraint Programming - {CP} 2009, 15th
               International Conference, {CP} 2009, Lisbon, Portugal, September 20-24,
               2009, Proceedings},
  series    = {Lecture Notes in Computer Science},
  volume    = {5732},
  publisher = {Springer},
  year      = {2009},
  url       = {https://doi.org/10.1007/978-3-642-04244-7},
  doi       = {10.1007/978-3-642-04244-7},
  isbn      = {978-3-642-04243-0},
  timestamp = {Wed, 17 May 2017 14:24:33 +0200},
  biburl    = {http://dblp.org/rec/bib/conf/cp/2009},
  bibsource = {dblp computer science bibliography, http://dblp.org}
}

@proceedings{sat-handbook09,
  editor    = {Armin Biere and
               Marijn Heule and
               van Maaren, Hans and
               Toby Walsh},
  title     = {Handbook of Satisfiability},
  OPTseries    = {Frontiers in Artificial Intelligence and Applications},
  OPTvolume    = {185},
  publisher = {{IOS} Press},
  year      = {2009}
}


@inproceedings{rintanen-ecai06,
  author    = {Jussi Rintanen},
  title     = {Compact Representation of Sets of Binary Constraints},
  OPTbooktitle = {{ECAI} 2006, 17th European Conference on Artificial Intelligence,
               August 29 - September 1, 2006, Riva del Garda, Italy, Including Prestigious
               Applications of Intelligent Systems {(PAIS} 2006), Proceedings},
  booktitle = {ECAI},
  pages     = {143--147},
  year      = {2006},
  OPTcrossref  = {DBLP:conf/ecai/2006},
  OPTurl       = {http://www.booksonline.iospress.nl/Content/View.aspx?piid=1663},
  timestamp = {Tue, 13 Mar 2012 16:08:30 +0100},
  biburl    = {http://dblp.org/rec/bib/conf/ecai/Rintanen06},
  bibsource = {dblp computer science bibliography, http://dblp.org}
}

@proceedings{DBLP:conf/ecai/2006,
  editor    = {Gerhard Brewka and
               Silvia Coradeschi and
               Anna Perini and
               Paolo Traverso},
  title     = {{ECAI} 2006, 17th European Conference on Artificial Intelligence,
               August 29 - September 1, 2006, Riva del Garda, Italy, Including Prestigious
               Applications of Intelligent Systems {(PAIS} 2006), Proceedings},
  series    = {Frontiers in Artificial Intelligence and Applications},
  volume    = {141},
  publisher = {{IOS} Press},
  year      = {2006},
  isbn      = {1-58603-642-4},
  timestamp = {Thu, 12 Feb 2009 12:51:20 +0100},
  biburl    = {http://dblp.org/rec/bib/conf/ecai/2006},
  bibsource = {dblp computer science bibliography, http://dblp.org}
}

@article{een-jsat06,
  author    = {Niklas E{\'{e}}n and
               Niklas S{\"{o}}rensson},
  title     = {Translating Pseudo-Boolean Constraints into {SAT}},
  journal   = {{JSAT}},
  volume    = {2},
  number    = {1-4},
  pages     = {1--26},
  year      = {2006},
  OPTurl       = {http://jsat.ewi.tudelft.nl/content/volume2/JSAT2_1_Een.pdf},
  timestamp = {Tue, 05 May 2009 14:16:19 +0200},
  biburl    = {http://dblp.uni-trier.de/rec/bib/journals/jsat/EenS06},
  bibsource = {dblp computer science bibliography, http://dblp.org}
}

@article{umans-tcad06,
  author    = {Christopher Umans and
               Tiziano Villa and
               Alberto L. Sangiovanni{-}Vincentelli},
  title     = {Complexity of two-level logic minimization},
  journal   = {{IEEE} Trans. on {CAD} of Integrated Circuits and Systems},
  volume    = {25},
  number    = {7},
  pages     = {1230--1246},
  year      = {2006},
  url       = {https://doi.org/10.1109/TCAD.2005.855944},
  doi       = {10.1109/TCAD.2005.855944},
  timestamp = {Thu, 08 Jun 2017 09:02:15 +0200},
  biburl    = {http://dblp.org/rec/bib/journals/tcad/UmansVS06},
  bibsource = {dblp computer science bibliography, http://dblp.org}
}

@book{somenzi-bk06,
  author    = {Gary D. Hachtel and
               Fabio Somenzi},
  title     = {Logic synthesis and verification algorithms},
  publisher = {Springer},
  year      = {2006},
  url       = {https://doi.org/10.1007/0-387-31005-3},
  doi       = {10.1007/0-387-31005-3},
  isbn      = {978-0-387-31004-6},
  timestamp = {Tue, 16 May 2017 14:01:34 +0200},
  biburl    = {http://dblp.org/rec/bib/books/daglib/0015994},
  bibsource = {dblp computer science bibliography, http://dblp.org}
}

@proceedings{DBLP:conf/cp/2005,
  editor    = {Peter van Beek},
  title     = {Principles and Practice of Constraint Programming - {CP} 2005, 11th
               International Conference, {CP} 2005, Sitges, Spain, October 1-5, 2005,
               Proceedings},
  series    = {Lecture Notes in Computer Science},
  volume    = {3709},
  publisher = {Springer},
  year      = {2005},
  isbn      = {3-540-29238-1},
  timestamp = {Wed, 26 Oct 2005 12:41:52 +0200},
  biburl    = {http://dblp.uni-trier.de/rec/bib/conf/cp/2005},
  bibsource = {dblp computer science bibliography, http://dblp.org}
}

@proceedings{DBLP:conf/cp/2003,
  editor    = {Francesca Rossi},
  title     = {Principles and Practice of Constraint Programming - {CP} 2003, 9th
               International Conference, {CP} 2003, Kinsale, Ireland, September 29
               - October 3, 2003, Proceedings},
  series    = {Lecture Notes in Computer Science},
  volume    = {2833},
  publisher = {Springer},
  year      = {2003},
  isbn      = {3-540-20202-1},
  timestamp = {Wed, 19 Nov 2003 15:08:10 +0100},
  biburl    = {http://dblp.uni-trier.de/rec/bib/conf/cp/2003},
  bibsource = {dblp computer science bibliography, http://dblp.org}
}

@article{umans-sigact02,
  title={Completeness in the polynomial-time hierarchy: A compendium},
  author={Schaefer, Marcus and Umans, Christopher},
  journal={SIGACT news},
  volume={33},
  number={3},
  pages={32--49},
  year={2002}
}

@article{triantaphyllou-cor02,
  author    = {Salvador Nieto S{\'{a}}nchez and
               Evangelos Triantaphyllou and
               Jianhua Chen and
               T. Warren Liao},
  title     = {An incremental learning algorithm for constructing Boolean functions
               from positive and negative examples},
  journal   = {Computers {\&} {OR}},
  volume    = {29},
  number    = {12},
  pages     = {1677--1700},
  year      = {2002},
  url       = {https://doi.org/10.1016/S0305-0548(01)00050-8},
  doi       = {10.1016/S0305-0548(01)00050-8},
  timestamp = {Thu, 18 May 2017 09:53:05 +0200},
  biburl    = {http://dblp.org/rec/bib/journals/cor/SanchezTCL02},
  bibsource = {dblp computer science bibliography, http://dblp.org}
}

@inproceedings{dasgupta-iscas01,
  author    = {S. Sriram and
               R. Tandon and
               Pallab Dasgupta and
               P. P. Chakrabarti},
  title     = {Symbolic verification of Boolean constraints over partially specified
               functions},
  OPTbooktitle = {Proceedings of the 2001 International Symposium on Circuits and Systems,
               {ISCAS} 2001, Sydney, Australia, May 6-9, 2001},
  booktitle = {ISCAS},
  pages     = {113--116},
  year      = {2001},
  OPTcrossref  = {DBLP:conf/iscas/2001},
  OPTurl       = {https://doi.org/10.1109/ISCAS.2001.921998},
  OPTdoi       = {10.1109/ISCAS.2001.921998},
  timestamp = {Fri, 26 May 2017 00:51:27 +0200},
  biburl    = {http://dblp.org/rec/bib/conf/iscas/SriramTDC01},
  bibsource = {dblp computer science bibliography, http://dblp.org}
}

@proceedings{DBLP:conf/iscas/2001,
  title     = {Proceedings of the 2001 International Symposium on Circuits and Systems,
               {ISCAS} 2001, Sydney, Australia, May 6-9, 2001},
  publisher = {{IEEE}},
  year      = {2001},
  url       = {http://ieeexplore.ieee.org/xpl/mostRecentIssue.jsp?punumber=7344},
  isbn      = {0-7803-6685-9},
  timestamp = {Fri, 20 May 2016 10:15:21 +0200},
  biburl    = {http://dblp.org/rec/bib/conf/iscas/2001},
  bibsource = {dblp computer science bibliography, http://dblp.org}
}


@inproceedings{cohen-aaai99,
  author    = {William W. Cohen and
               Yoram Singer},
  title     = {A Simple, Fast, and Effective Rule Learner},
  OPTbooktitle = {Proceedings of the Sixteenth National Conference on Artificial Intelligence
               and Eleventh Conference on Innovative Applications of Artificial Intelligence,
               July 18-22, 1999, Orlando, Florida, {USA.}},
  booktitle = {AAAI},
  pages     = {335--342},
  year      = {1999},
  OPTcrossref  = {DBLP:conf/aaai/1999},
  OPTurl       = {http://www.aaai.org/Library/AAAI/1999/aaai99-049.php},
  timestamp = {Tue, 11 Dec 2012 12:57:22 +0100},
  biburl    = {http://dblp.org/rec/bib/conf/aaai/CohenS99},
  bibsource = {dblp computer science bibliography, http://dblp.org}
}

@article{murthy-dmkd98,
  author    = {Sreerama K. Murthy},
  title     = {Automatic Construction of Decision Trees from Data: {A} Multi-Disciplinary
               Survey},
  journal   = {Data Min. Knowl. Discov.},
  volume    = {2},
  number    = {4},
  pages     = {345--389},
  year      = {1998},
  url       = {https://doi.org/10.1023/A:1009744630224},
  doi       = {10.1023/A:1009744630224},
  timestamp = {Sat, 20 May 2017 00:25:07 +0200},
  biburl    = {http://dblp.org/rec/bib/journals/datamine/Murthy98},
  bibsource = {dblp computer science bibliography, http://dblp.org}
}

@inproceedings{mms-ictai97,
  author    = {Vasco M. Manquinho and
               Paulo F. Flores and
               Jo{\~{a}}o Marques-Silva and
               Arlindo L. Oliveira},
  title     = {Prime Implicant Computation Using Satisfiability Algorithms},
  booktitle = {ICTAI},
  pages     = {232--239},
  year      = {1997},
  doi       = {10.1109/TAI.1997.632261}
}

@book{mitchell-bk97,
  title={Machine learning},
  author={Mitchell, Tom M.},
  year={1997},
  publisher={McGraw-Hill}
}

@article{tromp-ic96,
  author    = {Thomas R. Hancock and
               Tao Jiang and
               Ming Li and
               John Tromp},
  title     = {Lower Bounds on Learning Decision Lists and Trees},
  journal   = {Inf. Comput.},
  volume    = {126},
  number    = {2},
  pages     = {114--122},
  year      = {1996},
  url       = {https://doi.org/10.1006/inco.1996.0040},
  doi       = {10.1006/inco.1996.0040},
  timestamp = {Thu, 18 May 2017 09:54:18 +0200},
  biburl    = {http://dblp.org/rec/bib/journals/iandc/HancockJLT96},
  bibsource = {dblp computer science bibliography, http://dblp.org}
}

@inproceedings{cohen-icml95,
  author    = {William W. Cohen},
  title     = {Fast Effective Rule Induction},
  OPTbooktitle = {Machine Learning, Proceedings of the Twelfth International Conference
               on Machine Learning, Tahoe City, California, USA, July 9-12, 1995},
  booktitle = {ICML},
  pages     = {115--123},
  year      = {1995},
  OPTcrossref  = {DBLP:conf/icml/1995},
  timestamp = {Fri, 23 Dec 2011 14:54:21 +0100},
  biburl    = {http://dblp.org/rec/bib/conf/icml/Cohen95},
  bibsource = {dblp computer science bibliography, http://dblp.org}
}

@proceedings{DBLP:conf/icml/1995,
  editor    = {Armand Prieditis and
               Stuart J. Russell},
  title     = {Machine Learning, Proceedings of the Twelfth International Conference
               on Machine Learning, Tahoe City, California, USA, July 9-12, 1995},
  publisher = {Morgan Kaufmann},
  year      = {1995},
  isbn      = {1-55860-377-8},
  timestamp = {Fri, 16 Dec 2011 12:43:25 +0100},
  biburl    = {http://dblp.org/rec/bib/conf/icml/1995},
  bibsource = {dblp computer science bibliography, http://dblp.org}
}

@article{triantaphyllou-jgo94,
  author    = {Evangelos Triantaphyllou},
  title     = {Inference of a minimum size boolean function from examples by using
               a new efficient branch-and-bound approach},
  journal   = {J. Global Optimization},
  volume    = {5},
  number    = {1},
  pages     = {69--94},
  year      = {1994},
  url       = {https://doi.org/10.1007/BF01097004},
  doi       = {10.1007/BF01097004},
  timestamp = {Wed, 17 May 2017 14:25:32 +0200},
  biburl    = {http://dblp.org/rec/bib/journals/jgo/Triantaphyllou94},
  bibsource = {dblp computer science bibliography, http://dblp.org}
}

@article{triantaphyllou-cor94,
  author    = {Evangelos Triantaphyllou and
               Allen L. Soyster and
               Soundar R. T. Kumara},
  title     = {Generating logical expressions from positive and negative examples
               via a branch-and-bound approach},
  journal   = {Computers {\&} {OR}},
  volume    = {21},
  number    = {2},
  pages     = {185--197},
  year      = {1994},
  url       = {https://doi.org/10.1016/0305-0548(94)90051-5},
  doi       = {10.1016/0305-0548(94)90051-5},
  timestamp = {Thu, 18 May 2017 09:53:03 +0200},
  biburl    = {http://dblp.org/rec/bib/journals/cor/TriantaphyllouSK94},
  bibsource = {dblp computer science bibliography, http://dblp.org}
}

@article{kearns-jacm94,
  author    = {Michael J. Kearns and
               Ming Li and
               Leslie G. Valiant},
  title     = {Learning Boolean Formulas},
  journal   = {J. {ACM}},
  volume    = {41},
  number    = {6},
  pages     = {1298--1328},
  year      = {1994},
  url       = {http://doi.acm.org/10.1145/195613.195656},
  doi       = {10.1145/195613.195656},
  timestamp = {Wed, 06 Aug 2014 19:11:51 +0200},
  biburl    = {http://dblp.org/rec/bib/journals/jacm/KearnsLV94},
  bibsource = {dblp computer science bibliography, http://dblp.org}
}

@inproceedings{oliveira-nips93,
  author    = {Arlindo L. Oliveira and
               Alberto L. Sangiovanni{-}Vincentelli},
  title     = {Learning Complex Boolean Functions: Algorithms and Applications},
  OPTbooktitle = {Advances in Neural Information Processing Systems 6, [7th {NIPS} Conference,
               Denver, Colorado, USA, 1993]},
  booktitle = {NIPS},
  pages     = {911--918},
  year      = {1993},
  OPTcrossref  = {DBLP:conf/nips/1993},
  OPTurl       = {http://papers.nips.cc/paper/857-learning-complex-boolean-functions-algorithms-and-applications},
  timestamp = {Thu, 11 Dec 2014 17:34:08 +0100},
  biburl    = {http://dblp.org/rec/bib/conf/nips/OliveiraS93},
  bibsource = {dblp computer science bibliography, http://dblp.org}
}

@proceedings{DBLP:conf/nips/1993,
  editor    = {Jack D. Cowan and
               Gerald Tesauro and
               Joshua Alspector},
  title     = {Advances in Neural Information Processing Systems 6, [7th {NIPS} Conference,
               Denver, Colorado, USA, 1993]},
  publisher = {Morgan Kaufmann},
  year      = {1994},
  url       = {http://papers.nips.cc/book/advances-in-neural-information-processing-systems-6-1993},
  isbn      = {1-55860-322-0},
  timestamp = {Thu, 11 Dec 2014 17:34:08 +0100},
  biburl    = {http://dblp.org/rec/bib/conf/nips/1993},
  bibsource = {dblp computer science bibliography, http://dblp.org}
}

@book{quinlan-bk93,
  title={{C4.5}: Programs for machine learning},
  author={Quinlan, J. Ross},
  year={1993},
  publisher={Morgan Kauffmann}
}

@article{resende-mp92,
  author    = {Anil P. Kamath and
               Narendra Karmarkar and
               K. G. Ramakrishnan and
               Mauricio G. C. Resende},
  title     = {A continuous approach to inductive inference},
  journal   = {Math. Program.},
  volume    = {57},
  pages     = {215--238},
  year      = {1992},
  url       = {https://doi.org/10.1007/BF01581082},
  doi       = {10.1007/BF01581082},
  timestamp = {Sat, 27 May 2017 14:25:34 +0200},
  biburl    = {http://dblp.org/rec/bib/journals/mp/KamathKRR92},
  bibsource = {dblp computer science bibliography, http://dblp.org}
}

@article{clark-ml89,
  author    = {Peter Clark and
               Tim Niblett},
  title     = {The {CN2} Induction Algorithm},
  journal   = {Machine Learning},
  volume    = {3},
  pages     = {261--283},
  year      = {1989},
  url       = {https://doi.org/10.1007/BF00116835},
  doi       = {10.1007/BF00116835},
  timestamp = {Sun, 28 May 2017 13:18:23 +0200},
  biburl    = {http://dblp.org/rec/bib/journals/ml/ClarkN89},
  bibsource = {dblp computer science bibliography, http://dblp.org}
}

@inproceedings{clark-ewsl91,
  author    = {Peter Clark and
               Robin Boswell},
  title     = {Rule Induction with {CN2:} Some Recent Improvements},
  booktitle = {{EWSL}},
  pages     = {151--163},
  year      = {1991}
}

@inproceedings{quinlan-ijcai87,
  author    = {J. Ross Quinlan},
  title     = {Generating Production Rules from Decision Trees},
  OPTbooktitle = {Proceedings of the 10th International Joint Conference on Artificial
               Intelligence. Milan, Italy, August 23-28, 1987},
  booktitle = {IJCAI},
  pages     = {304--307},
  year      = {1987},
  OPTcrossref  = {DBLP:conf/ijcai/1987},
  OPTurl       = {http://ijcai.org/Proceedings/87-1/Papers/063.pdf},
  timestamp = {Tue, 19 Jul 2016 13:02:58 +0200},
  biburl    = {http://dblp.org/rec/bib/conf/ijcai/Quinlan87},
  bibsource = {dblp computer science bibliography, http://dblp.org}
}

@proceedings{DBLP:conf/ijcai/1987,
  editor    = {John P. McDermott},
  title     = {Proceedings of the 10th International Joint Conference on Artificial
               Intelligence. Milan, Italy, August 23-28, 1987},
  publisher = {Morgan Kaufmann},
  year      = {1987},
  url       = {http://ijcai.org/proceedings/1987-1},
  timestamp = {Tue, 19 Jul 2016 12:24:56 +0200},
  biburl    = {http://dblp.org/rec/bib/conf/ijcai/1987},
  bibsource = {dblp computer science bibliography, http://dblp.org}
}


@article{rivest-ml87,
  author    = {Ronald L. Rivest},
  title     = {Learning Decision Lists},
  journal   = {Machine Learning},
  volume    = {2},
  number    = {3},
  pages     = {229--246},
  year      = {1987}
}
  %url       = {https://doi.org/10.1007/BF00058680},
  %doi       = {10.1007/BF00058680},
  %timestamp = {Sun, 28 May 2017 13:18:23 +0200},
  %biburl    = {http://dblp.org/rec/bib/journals/ml/Rivest87},
  %bibsource = {dblp computer science bibliography, http://dblp.org}


@article{plaisted-jsc86,
  author    = {David A. Plaisted and
               Steven Greenbaum},
  title     = {A Structure-Preserving Clause Form Translation},
  journal   = {J. Symb. Comput.},
  volume    = {2},
  number    = {3},
  pages     = {293--304},
  year      = {1986},
  url       = {https://doi.org/10.1016/S0747-7171(86)80028-1},
  doi       = {10.1016/S0747-7171(86)80028-1},
  timestamp = {Wed, 17 May 2017 14:25:49 +0200},
  biburl    = {http://dblp.org/rec/bib/journals/jsc/PlaistedG86},
  bibsource = {dblp computer science bibliography, http://dblp.org}
}

@article{quinlan-ml86,
  author    = {J. Ross Quinlan},
  title     = {Induction of Decision Trees},
  journal   = {Machine Learning},
  volume    = {1},
  pages     = {81--106},
  year      = {1986}
}

@book{brayton-bk84,
  title={Logic minimization algorithms for {VLSI} synthesis},
  author={Brayton, Robert K and Hachtel, Gary D and McMullen, Curt and Sangiovanni-Vincentelli, Alberto},
  volume={2},
  year={1984},
  publisher={Springer Science \& Business Media}
}

@book{breiman-bk84,
  author    = {Leo Breiman and
               J. H. Friedman and
               R. A. Olshen and
               C. J. Stone},
  title     = {Classification and Regression Trees},
  publisher = {Wadsworth},
  year      = {1984},
  isbn      = {0-534-98053-8},
  timestamp = {Thu, 03 Jan 2002 11:51:52 +0100},
  biburl    = {http://dblp.org/rec/bib/books/wa/BreimanFOS84},
  bibsource = {dblp computer science bibliography, http://dblp.org}
}

@article{rivest-ipl76,
  author    = {Laurent Hyafil and
               Ronald L. Rivest},
  title     = {Constructing Optimal Binary Decision Trees is {NP}-Complete},
  journal   = {Inf. Process. Lett.},
  volume    = {5},
  number    = {1},
  pages     = {15--17},
  year      = {1976}
}
  %url       = {https://doi.org/10.1016/0020-0190(76)90095-8},
  %doi       = {10.1016/0020-0190(76)90095-8},
  %timestamp = {Fri, 26 May 2017 22:54:45 +0200},
  %biburl    = {http://dblp.org/rec/bib/journals/ipl/HyafilR76},
  %bibsource = {dblp computer science bibliography, http://dblp.org}


@InProceedings{michalski-isip69,
  author =       {Michalski, Ryszard S},
  title =        {On the quasi-minimal solution of the general covering problem},
  booktitle = {International Symposium on Information Processing},
  pages =     {125-128},
  year =      {1969}
}

@article{tseitin-smml68,
  author  = {G. S. Tseitin},
  title   = {{On the complexity of derivations in the propositional calculus}},
  journal = {Studies in Mathematics and Mathematical Logic},
  pages   = {115--125},
  volume  = {Part II},
  year    = {1968}
}

@article{mccluskey-bstj56,
  title={Minimization of {Boolean} Functions},
  author={McCluskey, Edward J},
  journal={Bell system technical Journal},
  volume={35},
  number={6},
  pages={1417--1444},
  year={1956},
  publisher={Wiley Online Library}
}

@article{quine-amm55,
  title={A way to simplify truth functions},
  author={Quine, Willard V},
  journal={American mathematical monthly},
  pages={627--631},
  year={1955},
  publisher={JSTOR}
}

@article{quine-amm52,
  title={The problem of simplifying truth functions},
  author={Quine, Willard V},
  journal={American mathematical monthly},
  pages={521--531},
  year={1952},
  publisher={JSTOR}
}

@phdthesis{blake-phd37,
  author  = {Archie Blake},
  title   = {Canonical expressions in Boolean algebra},
  school  = {Department of Mathematics, University of Chicago},
  year    = {1937}
}

%------------------------------------------------------------------------------%
% Unordered entries
%------------------------------------------------------------------------------%

@inproceedings{AudemardS09,
  author    = {Gilles Audemard and
               Laurent Simon},
  editor    = {Craig Boutilier},
  title     = {Predicting Learnt Clauses Quality in Modern {SAT} Solvers},
  OPTbooktitle = {{IJCAI} 2009, Proceedings of the 21st International Joint Conference
               on Artificial Intelligence, Pasadena, California, USA, July 11-17,
               2009},
  booktitle = {IJCAI},
  pages     = {399--404},
  year      = {2009},
  OPTurl       = {http://ijcai.org/Proceedings/09/Papers/074.pdf},
  timestamp = {Wed, 20 Jul 2016 14:20:40 +0200},
  biburl    = {http://dblp.org/rec/bib/conf/ijcai/AudemardS09},
  bibsource = {dblp computer science bibliography, http://dblp.org}
}

@article{UtgoffBC97,
  author    = {Paul E. Utgoff and
               Neil C. Berkman and
               Jeffery A. Clouse},
  title     = {Decision Tree Induction Based on Efficient Tree Restructuring},
  journal   = {Machine Learning},
  volume    = {29},
  number    = {1},
  pages     = {5--44},
  year      = {1997},
  url       = {https://doi.org/10.1023/A:1007413323501},
  doi       = {10.1023/A:1007413323501},
  timestamp = {Sun, 28 May 2017 13:18:24 +0200},
  biburl    = {http://dblp.org/rec/bib/journals/ml/UtgoffBC97},
  bibsource = {dblp computer science bibliography, http://dblp.org}
}

@article{olson-pmlb17,
    author= {Olson, Randal S. and La Cava, William and Orzechowski, Patryk and Urbanowicz, Ryan J. and Moore, Jason H.},
    title={{PMLB}: a large benchmark suite for machine learning evaluation and comparison},
    journal={BioData Mining},
    year={2017},
    month={Dec},
    day={11},
    volume={10},
    number={1},
    pages={36},
    issn={1756-0381},
    doi={10.1186/s13040-017-0154-4},
    url={https://doi.org/10.1186/s13040-017-0154-4}
}

@article{weka09,
  author    = {Mark A. Hall and
               Eibe Frank and
               Geoffrey Holmes and
               Bernhard Pfahringer and
               Peter Reutemann and
               Ian H. Witten},
  title     = {The {WEKA} data mining software: an update},
  journal   = {{SIGKDD} Explorations},
  volume    = {11},
  number    = {1},
  pages     = {10--18},
  year      = {2009},
  url       = {http://doi.acm.org/10.1145/1656274.1656278},
  doi       = {10.1145/1656274.1656278},
  timestamp = {Thu, 08 Jun 2017 09:00:44 +0200},
  biburl    = {http://dblp.org/rec/bib/journals/sigkdd/HallFHPRW09},
  bibsource = {dblp computer science bibliography, http://dblp.org}
}

@article{scikitlearn,
 title={Scikit-learn: Machine Learning in {P}ython},
 author={Fabian Pedregosa and  et al.},
 journal={Journal of Machine Learning Research},
 volume={12},
 pages={2825--2830},
 year={2011}
}


@inproceedings{een-sat03,
  author    = {Niklas E{\'{e}}n and
               Niklas S{\"{o}}rensson},
  title     = {An Extensible {SAT}-solver},
  booktitle = {SAT},
  pages     = {502--518},
  year      = {2003},
  doi       = {10.1007/978-3-540-24605-3_37}
}

@inproceedings{cotton-xai17,
  title={Explanation and justification in machine learning: A survey},
  author={Biran, Or and Cotton, Courtenay},
  booktitle={{IJCAI-17 Workshop on Explainable AI (XAI)}},
  pages={8},
  year={2017}
}

@article{msagl-amai11,
  author    = {Jo{\~{a}}o Marques{-}Silva and
               Josep Argelich and
               Ana Gra{\c{c}}a and
               In{\^{e}}s Lynce},
  title     = {Boolean lexicographic optimization: algorithms {\&} applications},
  journal   = {Ann. Math. Artif. Intell.},
  volume    = {62},
  number    = {3-4},
  pages     = {317--343},
  year      = {2011},
  doi       = {10.1007/s10472-011-9233-2}
}

@article{mims-jsat15,
  author    = {Antonio Morgado and Alexey Ignatiev and Joao Marques-Silva},
  title     = {{MSCG}: Robust Core-Guided {MaxSAT} Solving},
  journal   = {{JSAT}},
  volume    = {9},
  pages     = {129--134},
  year      = {2015}
}

@inproceedings{mpms-ijcai15,
  author    = {Carlos Menc{\'{\i}}a and
               Alessandro Previti and
               Jo{\~{a}}o Marques{-}Silva},
  title     = {Literal-Based {MCS} Extraction},
  booktitle = {IJCAI},
  pages     = {1973--1979},
  year      = {2015}
}

@inproceedings{nipms-ijcai18,
  author    = {Nina Narodytska and
               Alexey Ignatiev and
               Filipe Pereira and
               Jo{\~{a}}o Marques{-}Silva},
  title     = {Learning Optimal Decision Trees with {SAT}},
  booktitle = {{IJCAI}},
  pages     = {1362--1368},
  year      = {2018}
}

@inproceedings{ipnms-ijcar18,
  author    = {Alexey Ignatiev and
               Filipe Pereira and
               Nina Narodytska and
               Jo{\~{a}}o Marques{-}Silva},
  title     = {A {SAT}-Based Approach to Learn Explainable Decision Sets},
  booktitle = {{IJCAR}},
  pages     = {627--645},
  year      = {2018}
}

@inproceedings{asin-sat09,
  author    = {Roberto As{\'{\i}}n and
               Robert Nieuwenhuis and
               Albert Oliveras and
               Enric Rodr{\'{\i}}guez{-}Carbonell},
  title     = {Cardinality Networks and Their Applications},
  booktitle = {{SAT}},
  pages     = {167--180},
  year      = {2009}
}

@inproceedings{bailleux-cp03,
  author    = {Olivier Bailleux and
               Yacine Boufkhad},
  title     = {Efficient {CNF} Encoding of {Boolean} Cardinality Constraints},
  booktitle = {{CP}},
  pages     = {108--122},
  year      = {2003}
}

@inproceedings{batcher-afips68,
  author    = {Kenneth E. Batcher},
  title     = {Sorting Networks and Their Applications},
  booktitle = {{AFIPS}},
  volume    = {32},
  pages     = {307--314},
  year      = {1968}
}

@inproceedings{sinz-cp05,
  author    = {Carsten Sinz},
  title     = {Towards an Optimal {CNF} Encoding of {Boolean} Cardinality Constraints},
  booktitle = {{CP}},
  pages     = {827--831},
  year      = {2005}
}

@inproceedings{ogawa-ictai13,
  author    = {Toru Ogawa and
               Yangyang Liu and
               Ryuzo Hasegawa and
               Miyuki Koshimura and
               Hiroshi Fujita},
  title     = {Modulo Based {CNF} Encoding of Cardinality Constraints and Its Application
               to {MaxSAT} Solvers},
  booktitle = {{ICTAI}},
  pages     = {9--17},
  year      = {2013}
}

@article{friedman-aas08,
    author = "Friedman, Jerome H. and Popescu, Bogdan E.",
    doi = "10.1214/07-AOAS148",
    fjournal = "Annals of Applied Statistics",
    journal = "Ann. Appl. Stat.",
    month = "09",
    number = "3",
    pages = "916--954",
    publisher = "The Institute of Mathematical Statistics",
    title = "Predictive learning via rule ensembles",
    url = "https://doi.org/10.1214/07-AOAS148",
    volume = "2",
    year = "2008"
}

@inproceedings{angelino-kdd17,
author = {Angelino, Elaine and Larus-Stone, Nicholas and Alabi, Daniel and Seltzer, Margo and Rudin, Cynthia},
title = {Learning Certifiably Optimal Rule Lists},
year = {2017},
isbn = {9781450348874},
url = {https://doi.org/10.1145/3097983.3098047},
doi = {10.1145/3097983.3098047},
booktitle = {KDD},
pages = {35–44},
numpages = {10}
}

@article{rudin-mpc18,
  title={Learning customized and optimized lists of rules with mathematical programming},
  author={Cynthia Rudin and Seyda Ertekin},
  journal={Mathematical Programming Computation},
  year={2018},
  volume={10},
  pages={659-702}
}

@inproceedings{dash-nips18,
    author = {Dash, Sanjeeb and G\"{u}nl\"{u}k, Oktay and Wei, Dennis},
    title = {Boolean Decision Rules via Column Generation},
    year = {2018},
    booktitle = {NeurIPS},
    pages = {4660–4670},
    numpages = {11}
}

@inproceedings{meel-cp18,
  author    = {Dmitry Malioutov and
               Kuldeep S. Meel},
  title     = {{MLIC:} {A} MaxSAT-Based Framework for Learning Interpretable Classification
               Rules},
  booktitle = {{CP}},
  pages     = {312--327},
  year      = {2018}
}

@inproceedings{meel-aies19,
  author    = {Bishwamittra Ghosh and
               Kuldeep S. Meel},
  title     = {{IMLI:} An Incremental Framework for MaxSAT-Based Learning of Interpretable
               Classification Rules},
  booktitle = {{AIES}},
  pages     = {203--210},
  publisher = {{ACM}},
  year      = {2019}
}

@inproceedings{audemard-sat13,
  author    = {Gilles Audemard and
               Jean{-}Marie Lagniez and
               Laurent Simon},
  title     = {Improving {Glucose} for Incremental {SAT} Solving with Assumptions:
               Application to {MUS} Extraction},
  booktitle = {SAT},
  pages     = {309--317},
  year      = {2013},
  doi       = {10.1007/978-3-642-39071-5_23}
}

@inproceedings{imms-sat18,
  author    = {Alexey Ignatiev and
               Antonio Morgado and
               Joao Marques{-}Silva},
  title     = {{PySAT:} {A} {Python} Toolkit for Prototyping
               with {SAT} Oracles},
  booktitle = {SAT},
  pages     = {428--437},
  year      = {2018}
}

@article{imms-jsat19,
  author    = {Alexey Ignatiev and
               Ant{\'{o}}nio Morgado and
               Jo{\~{a}}o Marques{-}Silva},
  title     = {{RC2:} an Efficient MaxSAT Solver},
  journal   = {J. Satisf. Boolean Model. Comput.},
  volume    = {11},
  number    = {1},
  pages     = {53--64},
  year      = {2019}
}

@misc{minds,
  key          = {SAT-Based miner},
  howpublished = {\url{https://github.com/alexeyignatiev/minds}},
  title = {{SAT-based miner of smallest size decision sets}},
}

@misc{orange,
  key          = {Orange},
  howpublished = {\url{https://orange.biolab.si/}},
  title = {{Orange, a component-based data mining framework.}},
}

@misc{wittgenstein,
  key          = {Wittgenstein},
  howpublished = {\url{https://github.com/imoscovitz/wittgenstein}},
  title = {{Ruleset covering algorithms for transparent machine learning}},
}

@misc{uci ,
author = "Dua, Dheeru and Graff, Casey",
year = "2017",
title = "{UCI} Machine Learning Repository",
url = "http://archive.ics.uci.edu/ml",
institution = "University of California, Irvine, School of Information and Computer Sciences" }

@article{pennml,
    author="Olson, Randal S. and La Cava, William and Orzechowski, Patryk and Urbanowicz, Ryan J. and Moore, Jason H.",
    title="PMLB: a large benchmark suite for machine learning evaluation and comparison",
    journal="BioData Mining",
    year="2017",
    month="Dec",
    day="11",
    volume="10",
    number="1",
    pages="36",
    issn="1756-0381",
    doi="10.1186/s13040-017-0154-4",
    url="https://doi.org/10.1186/s13040-017-0154-4"
}

@article{barnhart-or98,
  author    = {Cynthia Barnhart and
               Ellis L. Johnson and
               George L. Nemhauser and
               Martin W. P. Savelsbergh and
               Pamela H. Vance},
  title     = {Branch-and-Price: Column Generation for Solving Huge Integer Programs},
  journal   = {Oper. Res.},
  volume    = {46},
  number    = {3},
  pages     = {316--329},
  year      = {1998}
}

@article{gunning-aimag19,
  author    = {Gunning, David and Aha, David},
  title     = {{DARPA}’s Explainable Artificial Intelligence {(XAI)} Program},
  volume    = {40},
  journal   = {AI Magazine},
  number    = {2},
  pages     = {44--58},
  year      = {2019},
  url       = {https://www.aaai.org/ojs/index.php/aimagazine/article/view/2850},
  doi       = {10.1609/aimag.v40i2.2850}
}

@misc{ai-roadmap,
  howpublished = {\url{https://data61.csiro.au/en/Our-Research/Our-Work/AI-Roadmap}},
  author =    {{Australian Government}},
  key    =    {Artificial Intelligence Roadmap},
  title  =    {{Artificial Intelligence Roadmap}},
  month  =    {November},
  year   =    {2019}
}

@inproceedings{stump-ijcar14,
  author    = {Aaron Stump and
               Geoff Sutcliffe and
               Cesare Tinelli},
  title     = {StarExec: {A} Cross-Community Infrastructure for Logic Solving},
  booktitle = {{IJCAR}},
  pages     = {367--373},
  year      = {2014}
}

@inproceedings{verhaeghe2019learning,
  title={Learning optimal decision trees using constraint programming},
  author={Verhaeghe, H{\'e}lene and Nijssen, Siegfried and Pesant, Gilles and Quimper, Claude-Guy and Schaus, Pierre},
  booktitle={Proceedings of CP-19},
  year={2019}
}

@inproceedings{dl85,
  author    = {Ga{\"{e}}l Aglin and
               Siegfried Nijssen and
               Pierre Schaus},
  title     = {Learning Optimal Decision Trees Using Caching Branch-and-Bound Search},
  booktitle = {{AAAI}},
  pages     = {3146--3153},
  year      = {2020}
}

@inproceedings{hu2019optimal,
  title={Optimal sparse decision trees},
  author={Hu, Xiyang and Rudin, Cynthia and Seltzer, Margo},
  booktitle={Advances in Neural Information Processing Systems},
  pages={7265--7273},
  year={2019}
}

@article{JMLR:v18:17-716,
  author  = {Elaine Angelino and Nicholas Larus-Stone and Daniel Alabi and Margo Seltzer and Cynthia Rudin},
  title   = {Learning Certifiably Optimal Rule Lists for Categorical Data},
  journal = {Journal of Machine Learning Research},
  year    = {2018},
  volume  = {18},
  number  = {234},
  pages   = {1-78},
  url     = {http://jmlr.org/papers/v18/17-716.html}
}

@inproceedings{itemset-mining,
author = {Agrawal, Rakesh and Imieli\'{n}ski, Tomasz and Swami, Arun},
title = {Mining Association Rules between Sets of Items in Large Databases},
year = {1993},
url = {https://doi.org/10.1145/170035.170072},
doi = {10.1145/170035.170072},
abstract = {We are given a large database of customer transactions. Each transaction consists of items purchased by a customer in a visit. We present an efficient algorithm that generates all significant association rules between items in the database. The algorithm incorporates buffer management and novel estimation and pruning techniques. We also present results of applying this algorithm to sales data obtained from a large retailing company, which shows the effectiveness of the algorithm.},
booktitle = {SIGMOD},
pages = {207–216},
numpages = {10}
}

@article{muller-jmlr10,
  author    = {David Baehrens and
               Timon Schroeter and
               Stefan Harmeling and
               Motoaki Kawanabe and
               Katja Hansen and
               Klaus{-}Robert M{\"{u}}ller},
  title     = {How to Explain Individual Classification Decisions},
  journal   = {Journal of Machine Learning Research},
  volume    = {11},
  pages     = {1803--1831},
  year      = {2010},
  url       = {http://portal.acm.org/citation.cfm?id=1859912}
}

@inproceedings{lundberg-nips17,
  author    = {Scott M. Lundberg and
               Su{-}In Lee},
  title     = {A Unified Approach to Interpreting Model Predictions},
  booktitle = {{NIPS}},
  pages     = {4765--4774},
  year      = {2017}
}

@article{monroe-cacm18,
  author    = {Don Monroe},
  title     = {{AI}, Explain Yourself},
  journal   = {Commun. {ACM}},
  volume    = {61},
  number    = {11},
  pages     = {11--13},
  year      = {2018}
}

@inproceedings{ignatiev-ijcai20,
  author    = {Alexey Ignatiev},
  title     = {Towards Trustable Explainable AI},
  booktitle = {{IJCAI}},
  pages     = {5154--5158},
  year      = {2020}
}

@inproceedings{darwiche-pods20,
  author    = {Adnan Darwiche},
  title     = {Three Modern Roles for Logic in {AI}},
  booktitle = {PODS},
  pages     = {229--243},
  publisher = {{ACM}},
  year      = {2020}
}

@article{muller-dsp18,
  author    = {Gr{\'{e}}goire Montavon and
               Wojciech Samek and
               Klaus{-}Robert M{\"{u}}ller},
  title     = {Methods for interpreting and understanding deep neural networks},
  journal   = {Digital Signal Processing},
  volume    = {73},
  pages     = {1--15},
  year      = {2018}
}

@article{lipton-cacm18,
  author    = {Zachary C. Lipton},
  title     = {The mythos of model interpretability},
  journal   = {Commun. {ACM}},
  volume    = {61},
  number    = {10},
  pages     = {36--43},
  year      = {2018}
}
  %url       = {http://doi.acm.org/10.1145/3233231},
  %doi       = {10.1145/3233231}



@article{grefenstette-jair18,
  author    = {Richard Evans and
               Edward Grefenstette},
  title     = {Learning Explanatory Rules from Noisy Data},
  journal   = {J. Artif. Intell. Res.},
  volume    = {61},
  pages     = {1--64},
  year      = {2018},
  url       = {https://doi.org/10.1613/jair.5714},
  doi       = {10.1613/jair.5714}
}

@article{guidotti-acmcs19,
  author    = {Riccardo Guidotti and
               Anna Monreale and
               Salvatore Ruggieri and
               Franco Turini and
               Fosca Giannotti and
               Dino Pedreschi},
  title     = {A Survey of Methods for Explaining Black Box Models},
  journal   = {{ACM} Comput. Surv.},
  volume    = {51},
  number    = {5},
  pages     = {93:1--93:42},
  year      = {2019}
}

@article{guidotti-ieee-is19,
  author    = {Riccardo Guidotti and
               Anna Monreale and
               Fosca Giannotti and
               Dino Pedreschi and
               Salvatore Ruggieri and
               Franco Turini},
  title     = {Factual and Counterfactual Explanations for Black Box Decision Making},
  journal   = {{IEEE} Intelligent Systems},
  volume    = {34},
  number    = {6},
  pages     = {14--23},
  year      = {2019}
}

@inproceedings{darwiche-ijcai18,
  author    = {Andy Shih and
               Arthur Choi and
               Adnan Darwiche},
  title     = {A Symbolic Approach to Explaining Bayesian Network Classifiers},
  booktitle = {IJCAI},
  pages     = {5103--5111},
  year      = {2018}
}

@inproceedings{inms-nips19,
  author    = {Alexey Ignatiev and
               Nina Narodytska and
               Joao Marques{-}Silva},
  title     = {On Relating Explanations and Adversarial Examples},
  booktitle = {NeurIPS},
  year      = {2019},
  pages     = {15857--15867},
  url       = {http://papers.nips.cc/paper/9717-on-relating-explanations-and-adversarial-examples}
}

@inproceedings{inms-aaai19,
  author    = {Alexey Ignatiev and
               Nina Narodytska and
               Joao Marques{-}Silva},
  title     = {Abduction-Based Explanations for Machine Learning Models},
  booktitle = {AAAI},
  pages     = {1511--1519},
  year      = {2019}
}

@inproceedings{kim2016examples,
  title={Examples are not enough, learn to criticize! criticism for interpretability},
  author={Kim, Been and Khanna, Rajiv and Koyejo, Oluwasanmi O},
  booktitle={Advances in neural information processing systems},
  pages={2280--2288},
  year={2016}
}

@article{miller2019explanation,
  title={Explanation in artificial intelligence: Insights from the social sciences},
  author={Miller, Tim},
  journal={Artificial Intelligence},
  volume={267},
  pages={1--38},
  year={2019},
  publisher={Elsevier}
}

@article{apte1997data,
  title={Data mining with decision trees and decision rules},
  author={Apt{\'e}, Chidanand and Weiss, Sholom},
  journal={Future generation computer systems},
  volume={13},
  number={2-3},
  pages={197--210},
  year={1997},
  publisher={Elsevier}
}

@INPROCEEDINGS{xin2007sat,
  author={L. {Xin} and X. {Youlun}},
  booktitle={2007 8th International Conference on Electronic Measurement and Instruments},
  title={A SAT Method for Improving Test Pattern Generation},
  year={2007},
  volume={},
  number={},
  pages={1-398-1-403},
 }

@article{yisb-corr20,
  author    = {Jinqiang Yu and
               Alexey Ignatiev and
               Peter J. Stuckey and
               Pierre Le\;Bodic},
  title     = {Computing Optimal Decision Sets with {SAT}},
  journal   = {CoRR},
  volume    = {abs/2007.15140},
  year      = {2020}
}

@article{yu2020optimal,
  author    = {Jinqiang Yu and
               Alexey Ignatiev and
               Pierre Le\;Bodic and
               Peter J. Stuckey},
  title     = {Optimal Decision Lists using {SAT}},
  journal   = {CoRR},
  volume    = {abs/2010.09919},
  year      = {2020}
}

@InProceedings{aaai2021e,
  author = 	 {
Alexey Ignatiev and
Edward Lam and
Peter J. Stuckey and
Joao Marques-Silva},
  title = 	 {A Scalable Two Stage Approach to Computing Optimal Decision Sets},
  OPTcrossref =  {},
  OPTkey = 	 {},
  booktitle = {Proceedings of the Thirty-Fifth AAAI Conference on Artificial Intelligence (AAAI-21)},
  year = 	 {2021},
  OPTeditor = 	 {},
  OPTvolume = 	 {},
  OPTnumber = 	 {},
  OPTseries = 	 {},
  pages = 	 {to appear},
  OPTmonth = 	 {},
  OPTaddress = 	 {},
  OPTorganization = {},
  OPTpublisher = {},
  OPTnote = 	 {},
  OPTannote = 	 {}
}

@inproceedings{msgcin-nips20,
  author    = {Joao Marques{-}Silva and
               Thomas Gerspacher and
               Martin C. Cooper and
               Alexey Ignatiev and
               Nina Narodytska},
  title     = {Explaining Naive Bayes and Other Linear Classifiers with Polynomial
               Time and Delay},
  booktitle = {NeurIPS},
  year      = {2020}
}

@inproceedings{ilsms-aaai21,
  author    = {Alexey Ignatiev and
               Edward Lam and
               Peter J. Stuckey and
               Joao Marques-Silva},
  title     = {A Scalable Two Stage Approach to Computing Optimal Decision Sets},
  booktitle = {34th AAAI Conference on Artificial Intelligence (AAAI 2021)},
  year      = {2021},
  pages     = {To Appear}
}

@inproceedings{darwiche-ecai20,
  author    = {Adnan Darwiche and
               Auguste Hirth},
  title     = {On the Reasons Behind Decisions},
  booktitle = {{ECAI}},
  pages     = {712--720},
  year      = {2020}
}

@inproceedings{avellaneda-aaai20,
  author    = {Florent Avellaneda},
  title     = {Efficient Inference of Optimal Decision Trees},
  booktitle = {{AAAI}},
  pages     = {3195--3202},
  year      = {2020}
}

@inproceedings{janota-sat20,
  author    = {Mikolas Janota and
               Antonio Morgado},
  title     = {{SAT}-Based Encodings for Optimal Decision Trees with Explicit Paths},
  booktitle = {{SAT}},
  pages     = {501--518},
  year      = {2020}
}

@inproceedings{szeider-aaai21,
  author    = {Andr{\'{e}} Schidler and
               Stefan Szeider},
  title     = {{SAT}-based Decision Tree Learning for Large Data Sets},
  booktitle = {{AAAI}},
  pages     = {3904--3912},
  year      = {2021}
}

@inproceedings{yilbs-cp20,
  author    = {Jinqiang Yu and
               Alexey Ignatiev and
               Peter J. Stuckey and
               Pierre Le\;Bodic},
  title     = {Computing Optimal Decision Sets with {SAT}},
  booktitle = {{CP}},
  pages     = {952--970},
  year      = {2020}
}

@inproceedings{ibj-cp21,
  author    = {Hannes Ihalainen and
               Jeremias Berg and
               Matti J{\"{a}}rvisalo},
  editor    = {Laurent D. Michel},
  title     = {Refined Core Relaxation for Core-Guided MaxSAT Solving},
  booktitle = {27th International Conference on Principles and Practice of Constraint
               Programming, {CP} 2021, Montpellier, France (Virtual Conference),
               October 25-29, 2021},
  series    = {LIPIcs},
  volume    = {210},
  pages     = {28:1--28:19},
  publisher = {Schloss Dagstuhl - Leibniz-Zentrum f{\"{u}}r Informatik},
  year      = {2021},
  url       = {https://doi.org/10.4230/LIPIcs.CP.2021.28},
  doi       = {10.4230/LIPIcs.CP.2021.28},
  timestamp = {Wed, 03 Nov 2021 08:28:40 +0100},
  biburl    = {https://dblp.org/rec/conf/cp/IhalainenBJ21.bib},
  bibsource = {dblp computer science bibliography, https://dblp.org}
}

@inproceedings{lakkaraju-aies20a,
  author    = {Dylan Slack and
               Sophie Hilgard and
               Emily Jia and
               Sameer Singh and
               Himabindu Lakkaraju},
  title     = {Fooling {LIME} and {SHAP:} Adversarial Attacks on Post hoc Explanation
               Methods},
  booktitle = {AIES},
  pages     = {180--186},
  year      = {2020}
}

@inproceedings{inams-aiia20,
  author    = {Alexey Ignatiev and
               Nina Narodytska and
               Nicholas Asher and
               Joao Marques{-}Silva},
  OPTeditor    = {Matteo Baldoni and
               Stefania Bandini},
  title     = {From Contrastive to Abductive Explanations and Back Again},
  OPTbooktitle = {AIxIA 2020 - Advances in Artificial Intelligence - XIXth International
               Conference of the Italian Association for Artificial Intelligence,
               Virtual Event, November 25-27, 2020, Revised Selected Papers},
  booktitle = {AI*IA},
  OPTseries    = {Lecture Notes in Computer Science},
  OPTvolume    = {12414},
  pages     = {335--355},
  OPTpublisher = {Springer},
  year      = {2020},
  OPTurl       = {https://doi.org/10.1007/978-3-030-77091-4\_21},
  OPTdoi       = {10.1007/978-3-030-77091-4\_21},
  timestamp = {Tue, 15 Jun 2021 17:23:54 +0200},
  biburl    = {https://dblp.org/rec/conf/aiia/IgnatievNA020.bib},
  bibsource = {dblp computer science bibliography, https://dblp.org}
}

@article{hipp-kdd00,
  author    = {Jochen Hipp and
               Ulrich G{\"{u}}ntzer and
               Gholamreza Nakhaeizadeh},
  title     = {Algorithms for Association Rule Mining - {A} General Survey and Comparison},
  journal   = {{SIGKDD} Explor.},
  volume    = {2},
  number    = {1},
  pages     = {58--64},
  year      = {2000}
}

@book{zhang-bk02,
  author    = {Chengqi Zhang and
               Shichao Zhang},
  title     = {Association Rule Mining, Models and Algorithms},
  series    = {Lecture Notes in Computer Science},
  volume    = {2307},
  publisher = {Springer},
  year      = {2002},
  url       = {https://doi.org/10.1007/3-540-46027-6},
  doi       = {10.1007/3-540-46027-6},
  isbn      = {3-540-43533-6},
  timestamp = {Tue, 14 May 2019 10:00:35 +0200},
  biburl    = {https://dblp.org/rec/books/sp/ZhangZ02.bib},
  bibsource = {dblp computer science bibliography, https://dblp.org}
}

@article{bf-jco98,
  author    = {Brian Borchers and
               Judith Furman},
  title     = {A Two-Phase Exact Algorithm for {MAX-SAT} and Weighted {MAX-SAT} Problems},
  journal   = {J. Comb. Optim.},
  volume    = {2},
  number    = {4},
  pages     = {299--306},
  year      = {1998},
  url       = {https://doi.org/10.1023/A:1009725216438},
  doi       = {10.1023/A:1009725216438},
  timestamp = {Sun, 02 Jun 2019 21:05:43 +0200},
  biburl    = {https://dblp.org/rec/journals/jco/BorchersF98.bib},
  bibsource = {dblp computer science bibliography, https://dblp.org}
}

@inproceedings{dcb-cp10,
  author    = {Jessica Davies and
               Jeremy Cho and
               Fahiem Bacchus},
  editor    = {David Cohen},
  title     = {Using Learnt Clauses in maxsat},
  booktitle = {Principles and Practice of Constraint Programming - {CP} 2010 - 16th
               International Conference, {CP} 2010, St. Andrews, Scotland, UK, September
               6-10, 2010. Proceedings},
  series    = {Lecture Notes in Computer Science},
  volume    = {6308},
  pages     = {176--190},
  publisher = {Springer},
  year      = {2010},
  url       = {https://doi.org/10.1007/978-3-642-15396-9\_17},
  doi       = {10.1007/978-3-642-15396-9\_17},
  timestamp = {Tue, 14 May 2019 10:00:45 +0200},
  biburl    = {https://dblp.org/rec/conf/cp/DaviesCB10.bib},
  bibsource = {dblp computer science bibliography, https://dblp.org}
}

@misc{propublica16,
  author       = {Julia Angwin and Jeff Larson and Surya Mattu and Lauren Kirchner},
  key          = {ProPublica},
  title        = {Machine Bias},
  year         = {2016},
  howpublished = {\url{http://tiny.cc/dd7mjz}}
}

@misc{taward18,
  author       = {ACM},
  key          = {Turing Award},
  title        = {Fathers of the Deep Learning Revolution Receive {ACM} {A.M. Turing} Award},
  year         = {2018},
  howpublished = {\url{http://tiny.cc/9plzpz}}
}

@inproceedings{szegedy-iclr14,
  author    = {Christian Szegedy and
               Wojciech Zaremba and
               Ilya Sutskever and
               Joan Bruna and
               Dumitru Erhan and
               Ian J. Goodfellow and
               Rob Fergus},
  title     = {Intriguing properties of neural networks},
  booktitle = {{ICLR} (Poster)},
  year      = {2014}
}

@article{rudin-natmi19,
  author    = {Cynthia Rudin},
  title     = {Stop explaining black box machine learning models for high stakes
               decisions and use interpretable models instead},
  journal   = {Nat. Mach. Intell.},
  volume    = {1},
  number    = {5},
  pages     = {206--215},
  year      = {2019}
}

@article{miller-aij19,
  author    = {Tim Miller},
  title     = {Explanation in artificial intelligence: Insights from the social sciences},
  journal   = {Artif. Intell.},
  volume    = {267},
  pages     = {1--38},
  year      = {2019},
  OPTurl       = {https://doi.org/10.1016/j.artint.2018.07.007},
  OPTdoi       = {10.1016/j.artint.2018.07.007},
  timestamp = {Fri, 25 Dec 2020 01:14:07 +0100},
  biburl    = {https://dblp.org/rec/journals/ai/Miller19.bib},
  bibsource = {dblp computer science bibliography, https://dblp.org}
}

@article{kutyniok-jair21,
  author    = {Stephan W{\"{a}}ldchen and
               Jan MacDonald and
               Sascha Hauch and
               Gitta Kutyniok},
  title     = {The Computational Complexity of Understanding Binary Classifier Decisions},
  journal   = {J. Artif. Intell. Res.},
  volume    = {70},
  pages     = {351--387},
  year      = {2021},
  OPTurl       = {https://doi.org/10.1613/jair.1.12359},
  OPTdoi       = {10.1613/jair.1.12359},
  timestamp = {Thu, 28 Jan 2021 17:08:48 +0100},
  biburl    = {https://dblp.org/rec/journals/jair/WaldchenMHK21.bib},
  bibsource = {dblp computer science bibliography, https://dblp.org}
}

@proceedings{sat-handbook21,
  editor    = {Armin Biere and
               Marijn Heule and
               Hans van Maaren and
               Toby Walsh},
  title     = {Handbook of Satisfiability},
  OPTseries    = {Frontiers in Artificial Intelligence and Applications},
  OPTvolume    = {185},
  publisher = {{IOS} Press},
  year      = {2021}
}

@article{reiter-aij87,
  author    = {Raymond Reiter},
  title     = {A Theory of Diagnosis from First Principles},
  journal   = {Artif. Intell.},
  volume    = {32},
  pages     = {57--95},
  year      = {1987}
}

@article{rubin-corr21,
  author    = {Niku Gorji and
               Sasha Rubin},
  title     = {Sufficient reasons for classifier decisions in the presence of constraints},
  journal   = {CoRR},
  volume    = {abs/2105.06001},
  year      = {2021},
  url       = {https://arxiv.org/abs/2105.06001},
  archivePrefix = {arXiv},
  eprint    = {2105.06001},
  timestamp = {Tue, 18 May 2021 18:46:40 +0200},
  biburl    = {https://dblp.org/rec/journals/corr/abs-2105-06001.bib},
  bibsource = {dblp computer science bibliography, https://dblp.org}
}

@inproceedings{abgl-lncs13,
  author    = {Carlos Ans{\'{o}}tegui and
               Maria Luisa Bonet and
               Joel Gab{\`{a}}s and
               Jordi Levy},
  editor    = {Christian Schulte},
  title     = {Improving {WPM2} for (Weighted) Partial MaxSAT},
  booktitle = {Principles and Practice of Constraint Programming - 19th International
               Conference, {CP} 2013, Uppsala, Sweden, September 16-20, 2013. Proceedings},
  series    = {Lecture Notes in Computer Science},
  volume    = {8124},
  pages     = {117--132},
  publisher = {Springer},
  year      = {2013},
  url       = {https://doi.org/10.1007/978-3-642-40627-0\_12},
  doi       = {10.1007/978-3-642-40627-0\_12},
  timestamp = {Sun, 02 Jun 2019 21:25:59 +0200},
  biburl    = {https://dblp.org/rec/conf/cp/AnsoteguiBGL13.bib},
  bibsource = {dblp computer science bibliography, https://dblp.org}
}

@inproceedings{ptjft-acm21,
  author    = {Chanathip Pornprasit and
               Chakkrit Tantithamthavorn and
               Jirayus Jiarpakdee and
               Michael Fu and
               Patanamon Thongtanunam},
  title     = {PyExplainer: Explaining the Predictions of Just-In-Time Defect Models},
  booktitle = {36th {IEEE/ACM} International Conference on Automated Software Engineering,
               {ASE} 2021, Melbourne, Australia, November 15-19, 2021},
  pages     = {407--418},
  publisher = {{IEEE}},
  year      = {2021},
  url       = {https://doi.org/10.1109/ASE51524.2021.9678763},
  doi       = {10.1109/ASE51524.2021.9678763},
  timestamp = {Mon, 24 Jan 2022 17:59:41 +0100},
  biburl    = {https://dblp.org/rec/conf/kbse/PornprasitTJFT21.bib},
  bibsource = {dblp computer science bibliography, https://dblp.org}
}

@inproceedings{iisms-aaai22,
  title={Using MaxSAT for Efficient Explanations of Tree Ensembles},
  author={Ignatiev, Alexey and Izza, Yaccine and Stuckey, Peter J and Marques-Silva, Joao},
  booktitle = {{AAAI}},
  year={2022},
  organization={AAAI}
}

@inproceedings{ims-sat21,
  author    = {Alexey Ignatiev and
               Jo{\~{a}}o P. Marques Silva},
  editor    = {Chu{-}Min Li and
               Felip Many{\`{a}}},
  title     = {SAT-Based Rigorous Explanations for Decision Lists},
  booktitle = {SAT},
  series    = {Lecture Notes in Computer Science},
  volume    = {12831},
  pages     = {251--269},
  year      = {2021}
}

@inproceedings{jiarpakdee2021perception,
	title        = {{Practitioners' Perceptions of the Goals and Visual Explanations of Defect Prediction Models}},
	author       = {Jiarpakdee, Jirayus and Tantithamthavorn, Chakkrit and Grundy, John},
	year         = 2021,
	booktitle    = {MSR},
	pages        = {432--443}
}

@inproceedings{pornprasit2021jitline,
	title        = {{JITLine: A Simpler, Better, Faster, Finer-grained Just-In-Time Defect Prediction}},
	author       = {Pornprasit, Chanathip and Tantithamthavorn, Chakkrit},
	year         = 2021,
	booktitle    = {MSR},
	pages        = {369--379}
}

@article{wattanakriengkrai2020predicting,
	title        = {Predicting Defective Lines Using a Model-Agnostic Technique},
	author       = {Wattanakriengkrai, Supatsara and Thongtanunam, Patanamon and Tantithamthavorn, Chakkrit and Hata, Hideaki and Matsumoto, Kenichi},
	year         = 2020,
	journal    = {IEEE Transactions on Software Engineering (TSE)},
	page         = {Preprint}
}

@inproceedings{khanan2020jitbot,
  title={{JITBot: An Explainable Just-In-Time Defect Prediction Bot}},
  author={Khanan, Chaiyakarn and Luewichana, Worawit and Pruktharathikoon, Krissakorn and Jiarpakdee, Jirayus and Tantithamthavorn, Chakkrit and Choetkiertikul, Morakot and Ragkhitwetsagul, Chaiyong and Sunetnanta, Thanwadee},
  booktitle={ASE},
  pages={1336--1339},
  year={2020}
}

@article{jiarpakdee2020modelagnostic,
	title        = {{An Empirical Study of Model-Agnostic Techniques for Defect Prediction Models}},
	author       = {Jiarpakdee, Jirayus and Tantithamthavorn, Chakkrit and Dam, Hoa Khanh and Grundy, John},
	year         = 2020,
	journal      = {IEEE Transactions on Software Engineering (TSE)},
	pages        = {166--185}
}


@article{rajapaksha2021sqaplanner,
	title        = {{SQAPlanner: Generating Data-Informed Software Quality Improvement Plans}},
	author       = {Dilini Rajapaksha and Chakkrit Tantithamthavorn and Jirayus Jiarpakdee and Christoph Bergmeir and John Grundy and Wray Buntine},
	year         = 2021,
	journal      = {IEEE Transactions on Software Engineering (TSE)},
	pages        = {2814--2835}
}

@inproceedings{guestrin-kdd16,
	title        = {{Why should I trust you?: Explaining the Predictions of Any Classifier}},
	author       = {Ribeiro, Marco Tulio and Singh, Sameer and Guestrin, Carlos},
	year         = 2016,
	booktitle    = {KDD},
	pages        = {1135--1144}
}

@inproceedings{guestrin-aaai18,
  author    = {Marco T{\'{u}}lio Ribeiro and
               Sameer Singh and
               Carlos Guestrin},
  title     = {Anchors: High-Precision Model-Agnostic Explanations},
  booktitle = {{AAAI}},
  pages     = {1527--1535},
  year      = {2018}
}

@inproceedings{pornprasit2021pyexplainer,
  title={{PyExplainer}: Explaining the Predictions of {Just-In-Time} Defect Models},
  author={Pornprasit, Chanathip and Tantithamthavorn, Chakkrit and Jiarpakdee, Jirayus and Fu, Michael and Thongtanunam, Patanamon},
  booktitle={ASE},
  pages={407--418},
  year={2021}
}

@inproceedings{kim2007predicting,
	title        = {{Predicting Faults from Cached History}},
	author       = {Kim, Sunghun and Zimmermann, Thomas and Whitehead Jr, E James and Zeller, Andreas},
	year         = 2007,
	booktitle    = {ICSE},
	pages        = {489--498}
}

@article{Kamei2013,
	title        = {{A Large-Scale Empirical Study of Just-In-Time Quality Assurance}},
	author       = {Kamei, Yasutaka and Shihab, Emad and Adams, Bram and Hassan, Ahmed E. and Mockus, Audris and Sinha, Anand and Ubayashi, Naoyasu},
	year         = 2013,
	journal      = {IEEE Transactions on Software Engineering (TSE)},
	volume       = 39,
	number       = 6,
	pages        = {757--773}
}

@article{lin2021impact,
  title={The Impact of Data Merging on the Interpretation of Cross-Project Just-In-Time Defect Models},
  author={Lin, Dayi and Tantithamthavorn, Chakkrit and Hassan, Ahmed E},
  journal={IEEE Transactions on Software Engineering},
  year={2021},
  publisher={IEEE}
}

@inproceedings{nsmims-sat19,
  author    = {Nina Narodytska and
               Aditya A. Shrotri and
               Kuldeep S. Meel and
               Alexey Ignatiev and
               Joao Marques{-}Silva},
  title     = {Assessing Heuristic Machine Learning Explanations with Model Counting},
  booktitle = {{SAT}},
  pages     = {267--278},
  year      = {2019}
}

@inproceedings{lakkaraju-aies20b,
  author    = {Dylan Slack and
               Sophie Hilgard and
               Emily Jia and
               Sameer Singh and
               Himabindu Lakkaraju},
  title     = {Fooling {LIME} and {SHAP:} Adversarial Attacks on Post hoc Explanation
               Methods},
  booktitle = {{AIES}},
  pages     = {180--186},
  year      = {2020}
}

@inproceedings{msgcin-icml21,
  author    = {Jo{\~{a}}o Marques{-}Silva and
               Thomas Gerspacher and
               Martin C. Cooper and
               Alexey Ignatiev and
               Nina Narodytska},
  title     = {Explanations for Monotonic Classifiers},
  booktitle = {ICML},
  pages     = {7469--7479},
  year      = {2021},
}

@inproceedings{ims-ijcai21,
  author    = {Yacine Izza and
               Jo{\~{a}}o Marques{-}Silva},
  title     = {On Explaining Random Forests with {SAT}},
  booktitle = {IJCAI},
  pages     = {2584--2591},
  year      = {2021}
}

@inproceedings{slack2021reliable,
	title={Reliable Post hoc Explanations: Modeling Uncertainty in Explainability},
	author={Dylan Z Slack and Sophie Hilgard and Sameer Singh and Himabindu Lakkaraju},
	booktitle={NeurIPS},
	year={2021},
}

@article{shin2021explainable,
  title={Explainable Software Defect Prediction: Are We There Yet?},
  author={Shin, Jiho and Aleithan, Reem and Nam, Jaechang and Wang, Junjie and Wang, Song},
  journal={arXiv preprint arXiv:2111.10901},
  year={2021}
}

@inproceedings{aleithan2021explainable,
  title={Explainable just-in-time bug prediction: are we there yet?},
  author={Aleithan, Reem},
  booktitle={ICSE-Companion},
  pages={129--131},
  year={2021}
}

@article{bgpyh-corr22,
  author    = {Adrien Benamira and
	       Tristan Guerand and 
	       Thomas Peyrin and 
	       Trevor Yap and
	       Bryan Hooi},
  title     = {A Scalable, Interpretable, Verifiable {\&} Differentiable Logic Gate Convolutional Neural Network Architecture From Truth Tables},
  journal   = {CoRR},
  volume    = {abs/2208.08609},
  year      = {2022}
}

@book{molnar-bk20,
  title      = {Interpretable Machine Learning},
  author     = {Christoph Molnar},
  OPTnote       = {\url{https://christophm.github.io/interpretable-ml-book/}},
  note       = {\url{http://tiny.cc/6c76tz}},
  OPTyear       = {2019},
  year       = {2020},
  publisher  = {Leanpub},
  OPTsubtitle   = {A Guide for Making Black Box Models Explainable}
}

@inproceedings{lakkaraju-nips21,
  author       = {Dylan Slack and
                  Anna Hilgard and
                  Sameer Singh and
                  Himabindu Lakkaraju},
  title        = {Reliable Post hoc Explanations: Modeling Uncertainty in Explainability},
  booktitle    = {NeurIPS},
  pages        = {9391--9404},
  year         = {2021}
}

@inproceedings{barcelo-aaai21,
  author       = {Marcelo Arenas and
                  Pablo Barcel{\'{o}} and
                  Leopoldo E. Bertossi and
                  Mika{\"{e}}l Monet},
  title        = {The Tractability of {SHAP}-Score-Based Explanations for Classification
                  over Deterministic and Decomposable {Boolean} Circuits},
  booktitle    = {{AAAI}},
  pages        = {6670--6678},
  year         = {2021}
}

@article{barcelo-corr21,
  author       = {Marcelo Arenas and
                  Pablo Barcel{\'{o}} and
                  Leopoldo E. Bertossi and
                  Mika{\"{e}}l Monet},
  title        = {On the Complexity of {SHAP}-Score-Based Explanations: Tractability via
                  Knowledge Compilation and Non-Approximability Results},
  journal      = {CoRR},
  volume       = {abs/2104.08015},
  year         = {2021}
}

@article{shapley-ctg53,
  author    = {LLoyd S. Shapley},
  title     = {A Value of $n$-Person Games},
  journal   = {Contributions to the Theory of Games},
  volume    = {2},
  number    = {28},
  pages     = {307--317},
  year      = {1953}
}

@inproceedings{marquis-kr20,
  author    = {Gilles Audemard and
               Fr{\'{e}}d{\'{e}}ric Koriche and
               Pierre Marquis},
  OPTeditor    = {Diego Calvanese and
               Esra Erdem and
               Michael Thielscher},
  title     = {On Tractable XAI Queries based on Compiled Representations},
  OPTbooktitle = {Proceedings of the 17th International Conference on Principles of
               Knowledge Representation and Reasoning, {KR} 2020, Rhodes, Greece,
               September 12-18, 2020},
  booktitle = {KR},
  pages     = {838--849},
  year      = {2020}
}

@inproceedings{msi-aaai22,
  author       = {Jo{\~{a}}o Marques{-}Silva and
                  Alexey Ignatiev},
  title        = {Delivering Trustworthy AI through Formal XAI},
  booktitle    = {{AAAI}},
  pages        = {12342--12350},
  year         = {2022}
}

@article{huang-corr23,
  author       = {Xuanxiang Huang and
                  Jo{\~{a}}o Marques{-}Silva},
  title        = {The Inadequacy of {Shapley} Values for Explainability},
  journal      = {CoRR},
  volume       = {abs/2302.08160},
  year         = {2023}
}

@article{mcintosh2017fix,
  author       = {Shane McIntosh and
                  Yasutaka Kamei},
  title        = {Are Fix-Inducing Changes a Moving Target? {A} Longitudinal Case Study
                  of Just-In-Time Defect Prediction},
  journal      = {{IEEE} Trans. Software Eng.},
  volume       = {44},
  number       = {5},
  pages        = {412--428},
  year         = {2018}
}

@inproceedings{huang-tacas23,
  author       = {Xuanxiang Huang and
                  Martin C. Cooper and
                  Ant{\'{o}}nio Morgado and
                  Jordi Planes and
                  Jo{\~{a}}o Marques{-}Silva},
  title        = {Feature Necessity {\&} Relevancy in {ML} Classifier Explanations},
  booktitle    = {{TACAS} {(1)}},
  pages        = {167--186},
  year         = {2023}
}

@article{yis-corr23,
  author       = {Jinqiang Yu and
                  Alexey Ignatiev and
                  Peter J. Stuckey},
  title        = {On Formal Feature Attribution and Its Approximation},
  journal      = {CoRR},
  volume       = {abs/2307.03380},
  year         = {2023},
  eprinttype    = {arXiv},
  eprint       = {2307.03380}
}

@article{yfis-corr23,
  author       = {Jinqiang Yu and
                  Graham Farr and
                  Alexey Ignatiev and
                  Peter J. Stuckey},
  title        = {Anytime Approximate Formal Feature Attribution},
  journal      = {CoRR},
  volume       = {abs/2312.06973},
  year         = {2023},
  eprinttype    = {arXiv},
  eprint       = {2312.06973}
}

@inproceedings{ms-rw22,
  author       = {Jo{\~{a}}o Marques{-}Silva},
  editor       = {Leopoldo E. Bertossi and
                  Guohui Xiao},
  title        = {Logic-Based Explainability in Machine Learning},
  booktitle    = {Reasoning Web},
  pages        = {24--104},
  year         = {2022}
}

@article{msi-fai23,
  author       = {Jo{\~{a}}o Marques{-}Silva and
                  Alexey Ignatiev},
  title        = {No silver bullet: interpretable {ML} models must be explained},
  journal      = {Frontiers Artif. Intell.},
  volume       = {6},
  year         = {2023}
}

@article{schm-nn15,
  author       = {J{\"{u}}rgen Schmidhuber},
  title        = {Deep learning in neural networks: An overview},
  journal      = {Neural Networks},
  volume       = {61},
  year         = {2015}
}

@article{lbbh-ieee98,
  author       = {Yann LeCun and
                  L{\'{e}}on Bottou and
                  Yoshua Bengio and
                  Patrick Haffner},
  title        = {Gradient-based learning applied to document recognition},
  journal      = {Proc. {IEEE}},
  volume       = {86},
  year         = {1998}
}


@article{kun-bc80,
  title={Neocognitron: A self-organizing neural network model for a mechanism of pattern recognition unaffected by shift in position},
  author={Fukushima, Kunihiko},
  journal={Biological cybernetics},
  volume={36},
  year={1980}
}

@article{elman-cs90,
  title={Finding structure in time},
  author={Elman, Jeffrey L},
  journal={Cognitive science},
  volume={14},
  year={1990}
}

@article{transformer-17,
  title={Attention is all you need},
  author={Vaswani, Ashish and Shazeer, Noam and Parmar, Niki and Uszkoreit, Jakob and Jones, Llion and Gomez, Aidan N and Kaiser, {\L}ukasz and Polosukhin, Illia},
  journal={Advances in neural information processing systems},
  volume={30},
  year={2017}
}

@article{swm-arxiv17,
  title={Explainable artificial intelligence: Understanding, visualizing and interpreting deep learning models},
  author={Samek, Wojciech and Wiegand, Thomas and M{\"u}ller, Klaus-Robert},
  journal={CoRR},
  volume = {abs/1708.08296},
  year={2017}
}

@inproceedings{yrs-icml-17,
  title={Scalable Bayesian rule lists},
  author={Yang, Hongyu and Rudin, Cynthia and Seltzer, Margo},
  booktitle={ICML},
  pages={3921--3930},
  year={2017}
}

@article{rudin-nmi-19,
  title={Stop explaining black box machine learning models for high stakes decisions and use interpretable models instead},
  author={Rudin, Cynthia},
  journal={Nature Machine Intelligence},
  volume={1},
  year={2019}
}

@inproceedings{lb-aies20,
  author       = {Himabindu Lakkaraju and
                  Osbert Bastani},
  title        = {"How do {I} fool you?": Manipulating User Trust via Misleading Black
                  Box Explanations},
  booktitle    = {AIES},
  pages        = {79--85},
  year         = {2020}
}

@book{shapley-19,
  title={Handbook of the Shapley value},
  author={Algaba, Encarnaci{\'o}n and Fragnelli, Vito and S{\'a}nchez-Soriano, Joaqu{\'\i}n},
  year={2019},
  publisher={CRC Press}
}

@article{sk-jmlr10,
  author       = {Erik Strumbelj and
                  Igor Kononenko},
  title        = {An Efficient Explanation of Individual Classifications using Game
                  Theory},
  journal      = {J. Mach. Learn. Res.},
  volume       = {11},
  year         = {2010}
}

@article{sk-kis14,
  author       = {Erik Strumbelj and
                  Igor Kononenko},
  title        = {Explaining prediction models and individual predictions with feature
                  contributions},
  journal      = {Knowl. Inf. Syst.},
  volume       = {41},
  number       = {3},
  year         = {2014}
}

@inproceedings{barcelo-nips21,
  author    = {Marcelo Arenas and Daniel Baez and
               Pablo Barcel{\'{o}} and
               Jorge P{\'{e}}rez and
               Bernardo Subercaseaux},
  title     = {Foundations of Symbolic Languages for Model Interpretability},
  booktitle = {NeurIPS},
  pages        = {11690--11701},
  year      = {2021},
  annote    = {ToDo}
}

@article{darwiche-jair21,
  author    = {Adnan Darwiche and Pierre Marquis},
  title     = {On Quantifying Literals in {Boolean} Logic and Its Applications to Explainable {AI}},
  journal   = {J. Artif. Intell. Res.},
  volume    = {72},
  pages     = {285--328},
  year      = {2021}
}

@inproceedings{kwiatkowska-ijcai21,
  author    = {Emanuele La Malfa and
               Rhiannon Michelmore and
               Agnieszka M. Zbrzezny and
               Nicola Paoletti and
               Marta Kwiatkowska},
  title     = {On Guaranteed Optimal Robust Explanations for {NLP} Models},
  booktitle = {IJCAI},
  pages     = {2658--2665},
  year      = {2021}
}

@inproceedings{mazure-cikm21,
  author    = {Ryma Boumazouza and
               Fahima Cheikh Alili and
               Bertrand Mazure and
               Karim Tabia},
  title     = {{ASTERYX:} {A} model-{A}gnostic {S}a{T}-bas{E}d app{R}oach for s{Y}mbolic and
               score-based e{X}planations},
  booktitle = {CIKM},
  pages     = {120--129},
  year      = {2021}
}

@inproceedings{tan-nips21,
  author    = {Guy Blanc and
               Jane Lange and
               Li{-}Yang Tan},
  title     = {Provably efficient, succinct, and precise explanations},
  booktitle = {NeurIPS},
  year      = {2021}
}

@inproceedings{rubin-aaai22,
  author    = {Niku Gorji and
               Sasha Rubin},
  title     = {Sufficient Reasons for Classifier Decisions in the Presence of Domain
               Constraints},
  booktitle = {{AAAI}},
  pages     = {5660--5667},
  year      = {2022}
}

@inproceedings{an-ijcai22,
  author    = {Leila Amgoud and
               Jonathan Ben{-}Naim},
  editor    = {Luc De Raedt},
  title     = {Axiomatic Foundations of Explainability},
  booktitle = {IJCAI},
  pages     = {636--642},
  year      = {2022},
}

@inproceedings{leite-kr22,
  author    = {Jo{\~{a}}o Ferreira and
               Manuel de Sousa Ribeiro and
               Ricardo Gon{\c{c}}alves and
               Jo{\~{a}}o Leite},
  title     = {Looking Inside the Black-Box: Logic-based Explanations for Neural
               Networks},
  booktitle = {KR},
  pages     = {432–442},
  year      = {2022}
}

@inproceedings{barcelo-nips22,
  author       = {Marcelo Arenas and
                  Pablo Barcel{\'{o}} and
                  Miguel A. Romero Orth and
                  Bernardo Subercaseaux},
  title        = {On Computing Probabilistic Explanations for Decision Trees},
  booktitle    = {NeurIPS},
  year         = {2022}
}

@article{inms-corr19,
  author       = {Alexey Ignatiev and
                  Nina Narodytska and
                  Jo{\~{a}}o Marques{-}Silva},
  title        = {On Validating, Repairing and Refining Heuristic ML Explanations},
  journal      = {CoRR},
  volume       = {abs/1907.02509},
  year         = {2019}
}
  %url          = {http://arxiv.org/abs/1907.02509},
  %eprinttype    = {arXiv},
  %eprint       = {1907.02509}


@article{rudin-nature22,
  title={Why black box machine learning should be avoided for high-stakes decisions, in brief},
  author={Rudin, Cynthia},
  journal={Nature Reviews Methods Primers},
  volume={2},
  pages={81},
  year={2022}
}

@article{vw-pt21,
  title={Transparency and the black box problem: Why we do not trust AI},
  author={Von Eschenbach, Warren J},
  journal={Philosophy \& Technology},
  volume={34},
  number={4},
  pages={1607--1622},
  year={2021}
}

@article{dmbt-comp17,
  title={Self-driving cars},
  author={Daily, Mike and Medasani, Swarup and Behringer, Reinhold and Trivedi, Mohan},
  journal={Computer},
  volume={50},
  number={12},
  pages={18--23},
  year={2017}
}

@article{hcw-chb21,
  title={AI, you can drive my car: How we evaluate human drivers vs. self-driving cars},
  author={Hong, Joo-Wha and Cruz, Ignacio and Williams, Dmitri},
  journal={Computers in Human Behavior},
  volume={125},
  pages={106944},
  year={2021}
}

@article{dbjw-ecai20,
  title={You shouldn’t trust me: Learning models which conceal unfairness from multiple explanation methods.},
  author={Dimanov, Botty and Bhatt, Umang and Jamnik, Mateja and Weller, Adrian},
  journal={ECAI},
  pages={2473--2480},
  year={2020}
}

@inproceedings{kvsf-icml20,
  author       = {I. Elizabeth Kumar and
                  Suresh Venkatasubramanian and
                  Carlos Scheidegger and
                  Sorelle A. Friedler},
  title        = {Problems with Shapley-value-based explanations as feature importance
                  measures},
  booktitle    = {{ICML}},
  volume       = {119},
  pages        = {5491--5500},
  year         = {2020}
}

@article{blss-jair22,
  author       = {Guy Van den Broeck and
                  Anton Lykov and
                  Maximilian Schleich and
                  Dan Suciu},
  title        = {On the Tractability of {SHAP} Explanations},
  journal      = {J. Artif. Intell. Res.},
  volume       = {74},
  pages        = {851--886},
  year         = {2022}
}

@article{iims-jair22,
  author       = {Yacine Izza and
                  Alexey Ignatiev and
                  Jo{\~{a}}o Marques{-}Silva},
  title        = {On Tackling Explanation Redundancy in Decision Trees},
  journal      = {J. Artif. Intell. Res.},
  volume       = {75},
  pages        = {261--321},
  year         = {2022}
}

@proceedings{sat-handbook21,
  editor    = {Armin Biere and
               Marijn Heule and
               Hans van Maaren and
               Toby Walsh},
  title     = {Handbook of Satisfiability},
  year      = {2021}
}

@article{lozinskii-jetai03,
  author    = {Elazar Birnbaum and
               Eliezer L. Lozinskii},
  title     = {Consistent subsets of inconsistent systems: structure and behaviour},
  journal   = {J. Exp. Theor. Artif. Intell.},
  volume    = {15},
  number    = {1},
  pages     = {25--46},
  year      = {2003},
}

@inproceedings{stuckey-padl05,
  author    = {James Bailey and
               Peter J. Stuckey},
  title     = {Discovery of Minimal Unsatisfiable Subsets of Constraints Using Hitting
               Set Dualization},
  booktitle = {PADL},
  pages     = {174--186},
  year      = {2005},
}

@proceedings{sat-handbook,
  editor    = {Armin Biere and
               Marijn Heule and
               Hans van Maaren and
               Toby Walsh},
  title = {Handbook of Satisfiability: Second Edition},
  publisher = {IOS Press},
  series    = {Frontiers in Artificial Intelligence and Applications},
  volume    = {336},
  publisher = {{IOS} Press},
  year      = {2021}
}

@article{liffiton-jar08,
  author    = {Mark H. Liffiton and
               Karem A. Sakallah},
  title     = {Algorithms for Computing Minimal Unsatisfiable Subsets of
               Constraints},
  journal   = {J. Autom. Reasoning},
  volume    = {40},
  pages     = {1-33},
  year      = {2008}
}
	
@article{lpmms-cj16,
  author    = {Mark H. Liffiton and
               Alessandro Previti and
               Ammar Malik and
               Joao Marques{-}Silva},
  title     = {Fast, flexible {MUS} enumeration},
  journal   = {Constraints An Int. J.},
  volume    = {21},
  number    = {2},
  pages     = {223--250},
  year      = {2016}
}

@inproceedings{bacchus-cav15,
  author    = {Fahiem Bacchus and
               George Katsirelos},
  title     = {Using Minimal Correction Sets to More Efficiently Compute Minimal
               Unsatisfiable Sets},
  booktitle = {CAV},
  pages     = {70--86},
  year      = {2015}
}

@inproceedings{mipms-sat16,
  author    = {Carlos Mencia and
               Alexey Ignatiev and
               Alessandro Previti and
               Joao Marques{-}Silva},
  title     = {{MCS} Extraction with Sublinear Oracle Queries},
  booktitle = {{SAT}},
  pages     = {342--360},
  year      = {2016}
}

@inproceedings{pmjms-aaai18,
  author    = {Alessandro Previti and
               Carlos Menc{\'{\i}}a and
               Matti J{\"{a}}rvisalo and
               Jo{\~{a}}o Marques{-}Silva},
  title     = {Premise Set Caching for Enumerating Minimal Correction Subsets},
  booktitle = {AAAI},
  pages     = {6633--6640},
  year      = {2018},
}

@inproceedings{lagniez-ijcai18,
  author    = {{\'{E}}ric Gr{\'{e}}goire and
               Yacine Izza and
               Jean{-}Marie Lagniez},
  title     = {Boosting {MCSes} Enumeration},
  booktitle = {IJCAI},
  pages     = {1309--1315},
  year      = {2018}
}

@inproceedings{narodytska-ijcai18,
  author    = {Nina Narodytska and
               Nikolaj Bj{\o}rner and
               Maria{-}Cristina V. Marinescu and
               Mooly Sagiv},
  title     = {Core-Guided Minimal Correction Set and Core Enumeration},
  booktitle = {IJCAI},
  pages     = {1353--1361},
  year      = {2018},
}

@inproceedings{bendik-atva18,
  author    = {Jaroslav Bend{\'{\i}}k and
               Ivana Cern{\'{a}} and
               Nikola Benes},
  title     = {Recursive Online Enumeration of All Minimal Unsatisfiable Subsets},
  booktitle = {ATVA},
  pages     = {143--159},
  year      = {2018}
}

@inproceedings{dclt-bert19,
  author       = {Jacob Devlin and
                  Ming{-}Wei Chang and
                  Kenton Lee and
                  Kristina Toutanova},
  editor       = {Jill Burstein and
                  Christy Doran and
                  Thamar Solorio},
  title        = {{BERT:} Pre-training of Deep Bidirectional Transformers for Language
                  Understanding},
  booktitle    = {NAACL-HLT},
  pages        = {4171--4186},
  year         = {2019}
}

@inproceedings{gpt-3-neurips20,
  author       = {Tom B. Brown and
                  Benjamin Mann and
                  Nick Ryder and
                  Melanie Subbiah and
                  Jared Kaplan and
                  Prafulla Dhariwal and
                  Arvind Neelakantan and
                  Pranav Shyam and
                  Girish Sastry and
                  Amanda Askell and
                  Sandhini Agarwal and
                  Ariel Herbert{-}Voss and
                  Gretchen Krueger and
                  Tom Henighan and
                  Rewon Child and
                  Aditya Ramesh and
                  Daniel M. Ziegler and
                  Jeffrey Wu and
                  Clemens Winter and
                  Christopher Hesse and
                  Mark Chen and
                  Eric Sigler and
                  Mateusz Litwin and
                  Scott Gray and
                  Benjamin Chess and
                  Jack Clark and
                  Christopher Berner and
                  Sam McCandlish and
                  Alec Radford and
                  Ilya Sutskever and
                  Dario Amodei},
  editor       = {Hugo Larochelle and
                  Marc'Aurelio Ranzato and
                  Raia Hadsell and
                  Maria{-}Florina Balcan and
                  Hsuan{-}Tien Lin},
  title        = {Language Models are Few-Shot Learners},
  booktitle    = {NeurIPS},
  year         = {2020}
}

@article{gpt-4-corr23,
  author       = {S{\'{e}}bastien Bubeck and
                  Varun Chandrasekaran and
                  Ronen Eldan and
                  Johannes Gehrke and
                  Eric Horvitz and
                  Ece Kamar and
                  Peter Lee and
                  Yin Tat Lee and
                  Yuanzhi Li and
                  Scott M. Lundberg and
                  Harsha Nori and
                  Hamid Palangi and
                  Marco T{\'{u}}lio Ribeiro and
                  Yi Zhang},
  title        = {Sparks of Artificial General Intelligence: Early experiments with
                  {GPT-4}},
  journal      = {CoRR},
  volume       = {abs/2303.12712},
  year         = {2023}
}

@article{llama-2-corr23,
  author={Touvron, Hugo and Martin, Louis and Stone, Kevin and Albert, Peter and Almahairi, Amjad and Babaei, Yasmine and Bashlykov, Nikolay and Batra, Soumya and Bhargava, Prajjwal and Bhosale, Shruti and others},
  title        = {Llama 2: Open Foundation and Fine-Tuned Chat Models},
  journal      = {CoRR},
  volume       = {abs/2307.09288},
  year         = {2023}
}

@inproceedings{rbleo-cvpr22,
  author       = {Robin Rombach and
                  Andreas Blattmann and
                  Dominik Lorenz and
                  Patrick Esser and
                  Bj{\"{o}}rn Ommer},
  title        = {High-Resolution Image Synthesis with Latent Diffusion Models},
  booktitle    = {CVPR},
  pages        = {10674--10685},
  year         = {2022}
}

@article{dhnz-nc95,
  author       = {Peter Dayan and
                  Geoffrey E. Hinton and
                  Radford M. Neal and
                  Richard S. Zemel},
  title        = {The Helmholtz machine},
  journal      = {Neural Comput.},
  volume       = {7},
  pages        = {889--904},
  year         = {1995}
}

@article{kw-corr13,
  author       = {Diederik P. Kingma and
                  Max Welling},
  title        = {On Validating, Repairing and Refining Heuristic {ML} Explanations},
  journal      = {CoRR},
  volume       = {abs/1312.6114},
  year         = {2013}
}

@article{gan-corr14,
  author       = {Ian J. Goodfellow and
                  Jean Pouget{-}Abadie and
                  Mehdi Mirza and
                  Bing Xu and
                  David Warde{-}Farley and
                  Sherjil Ozair and
                  Aaron C. Courville and
                  Yoshua Bengio},
  title        = {Generative Adversarial Networks},
  journal      = {CoRR},
  volume       = {abs/1406.2661},
  year         = {2014}
}

@inproceedings{vtransformer-21,
  author       = {Alexey Dosovitskiy and
                  Lucas Beyer and
                  Alexander Kolesnikov and
                  Dirk Weissenborn and
                  Xiaohua Zhai and
                  Thomas Unterthiner and
                  Mostafa Dehghani and
                  Matthias Minderer and
                  Georg Heigold and
                  Sylvain Gelly and
                  Jakob Uszkoreit and
                  Neil Houlsby},
  title        = {An Image is Worth 16x16 Words: Transformers for Image Recognition
                  at Scale},
  booktitle    = {ICLR},
  year         = {2021}
}

@Misc{bing-17,
  author =    {Yusuf Mehdi},
  title =     {Reinventing search with a new AI-powered Microsoft Bing and Edge,
your copilot for the web},
  howpublished = {\url{https://blogs.microsoft.com/blog/2023/02/07/reinventing-search-with-a-new-ai-powered-microsoft-bing-and-edge-your-copilot-for-the-web}},
  year =      {2023}
}

@proceedings{sat-handbook21,
  editor    = {Armin Biere and
               Marijn Heule and
               Hans van Maaren and
               Toby Walsh},
  title     = {Handbook of Satisfiability},
  OPTseries    = {Frontiers in Artificial Intelligence and Applications},
  OPTvolume    = {185},
  publisher = {{IOS} Press},
  year      = {2021},
  isbn      = {978-1-64368-160-3},
  timestamp = {Wed, 16 Sep 2009 11:21:15 +0200},
  biburl    = {http://dblp.uni-trier.de/rec/bib/series/faia/2009-185},
  bibsource = {dblp computer science bibliography, http://dblp.org}
}

@article{adlb-sust19,
  title={Applications of artificial intelligence in transport: An overview},
  author={Abduljabbar, Rusul and Dia, Hussein and Liyanage, Sohani and Bagloee, Saeed Asadi},
  journal={Sustainability},
  volume={11},
  pages={189},
  year={2019}
}

@article{nmnk-sust20,
  title={Artificial intelligence, transport and the smart city: Definitions and dimensions of a new mobility era},
  author={Nikitas, Alexandros and Michalakopoulou, Kalliopi and Njoya, Eric Tchouamou and Karampatzakis, Dimitris},
  journal={Sustainability},
  volume={12},
  pages={2789},
  year={2020}
}

@article{hy-rits20,
  title={Deep reinforcement learning for intelligent transportation systems: A survey},
  author={Haydari, Ammar and Y{\i}lmaz, Yasin},
  journal={IEEE Transactions on Intelligent Transportation Systems},
  volume={23},
  pages={11--32},
  year={2020},
  publisher={IEEE}
}

@article{raai-sp19,
  title={Artificial intelligence for law enforcement: challenges and opportunities},
  author={Raaijmakers, Stephan},
  journal={IEEE security \& privacy},
  volume={17},
  pages={74--77},
  year={2019},
  publisher={IEEE}
}

@inproceedings{ksarv-mecon22,
  title={Benefits of Artificial Intelligence in the Legal System and Law Enforcement},
  author={Kuppala, Jishitha and Srinivas, K Kalyana and Anudeep, P and Kumar, R Sravanth and Vardhini, PA Harsha},
  booktitle={MECON},
  pages={221--225},
  year={2022}
}

@misc{aifin20,
  title={Transforming paradigms: A global AI in financial services survey},
  author={Ryll, Lukas and Barton, Mary Emma and Zhang, Bryan Zheng and McWaters, R Jesse and Schizas, Emmanuel and Hao, Rui and Bear, Keith and Preziuso, Massimo and Seger, Elizabeth and Wardrop, Robert and others},
  howpublished = {\url{https://ssrn.com/abstract=3532038}},

  year={2020}
}

@article{gklp-jbef21,
  title={Artificial intelligence and machine learning in finance: Identifying foundations, themes, and research clusters from bibliometric analysis},
  author={Goodell, John W and Kumar, Satish and Lim, Weng Marc and Pattnaik, Debidutta},
  journal={Journal of Behavioral and Experimental Finance},
  volume={32},
  pages={100577},
  year={2021}
}

@book{af-fintech19,
  title={The future of finance: The impact of FinTech, AI, and crypto on financial services},
  author={Arslanian, Henri and Fischer, Fabrice},
  year={2019},
  publisher={Springer}
}

@article{aimed-jbhi20,
  title={AI in medical imaging informatics: current challenges and future directions},
  author={Panayides, Andreas S and Amini, Amir and Filipovic, Nenad D and Sharma, Ashish and Tsaftaris, Sotirios A and Young, Alistair and Foran, David and Do, Nhan and Golemati, Spyretta and Kurc, Tahsin and others},
  journal={IEEE journal of biomedical and health informatics},
  volume={24},
  pages={1837--1857},
  year={2020}
}

@article{mpr-jfmpc19,
  title={Overview of artificial intelligence in medicine},
  author={Malik, Paras and Pathania, Monika and Rathaur, Vyas Kumar and others},
  journal={Journal of family medicine and primary care},
  volume={8},
  pages={2328--2331},
  year={2019}
}

@article{rcbt-nm22,
  title={AI in health and medicine},
  author={Rajpurkar, Pranav and Chen, Emma and Banerjee, Oishi and Topol, Eric J},
  journal={Nature medicine},
  volume={28},
  pages={31--38},
  year={2022}
}

@article{racc-jamia20,
  title={A governance model for the application of AI in health care},
  author={Reddy, Sandeep and Allan, Sonia and Coghlan, Simon and Cooper, Paul},
  journal={Journal of the American Medical Informatics Association},
  volume={27},
  pages={491--497},
  year={2020}
}

@article{xaihealth-access22,
  title={Explainable AI for healthcare 5.0: opportunities and challenges},
  author={Saraswat, Deepti and Bhattacharya, Pronaya and Verma, Ashwin and Prasad, Vivek Kumar and Tanwar, Sudeep and Sharma, Gulshan and Bokoro, Pitshou N and Sharma, Ravi},
  journal={IEEE Access},
  volume={10},
  pages={84486--84517},
  year={2022}
}

@article{llm-tist23,
  title={A survey on evaluation of large language models},
  author={Chang, Yupeng and Wang, Xu and Wang, Jindong and Wu, Yuan and Yang, Linyi and Zhu, Kaijie and Chen, Hao and Yi, Xiaoyuan and Wang, Cunxiang and Wang, Yidong and others},
  journal={ACM Transactions on Intelligent Systems and Technology},
  year={2023}
}

@article{gptedu-lid23,
  title={ChatGPT for good? On opportunities and challenges of large language models for education},
  author={Kasneci, Enkelejda and Se{\ss}ler, Kathrin and K{\"u}chemann, Stefan and Bannert, Maria and Dementieva, Daryna and Fischer, Frank and Gasser, Urs and Groh, Georg and G{\"u}nnemann, Stephan and H{\"u}llermeier, Eyke and others},
  journal={Learning and individual differences},
  volume={103},
  pages={102274},
  year={2023}
}

@article{rl-nature15,
  title={Human-level control through deep reinforcement learning},
  author={Mnih, Volodymyr and Kavukcuoglu, Koray and Silver, David and Rusu, Andrei A and Veness, Joel and Bellemare, Marc G and Graves, Alex and Riedmiller, Martin and Fidjeland, Andreas K and Ostrovski, Georg and others},
  journal={Nature},
  volume={518},
  pages={529--533},
  year={2015}
}

@article{rlchess-science18,
  title={A general reinforcement learning algorithm that masters chess, shogi, and Go through self-play},
  author={Silver, David and Hubert, Thomas and Schrittwieser, Julian and Antonoglou, Ioannis and Lai, Matthew and Guez, Arthur and Lanctot, Marc and Sifre, Laurent and Kumaran, Dharshan and Graepel, Thore and others},
  journal={Science},
  volume={362},
  pages={1140--1144},
  year={2018}
}

@article{rlgo-nature17,
  title={Mastering the game of go without human knowledge},
  author={Silver, David and Schrittwieser, Julian and Simonyan, Karen and Antonoglou, Ioannis and Huang, Aja and Guez, Arthur and Hubert, Thomas and Baker, Lucas and Lai, Matthew and Bolton, Adrian and others},
  journal={Nature},
  volume={550},
  pages={354--359},
  year={2017}
}

@article{bdciw-nature18,
  title={Machine learning for molecular and materials science},
  author={Butler, Keith T and Davies, Daniel W and Cartwright, Hugh and Isayev, Olexandr and Walsh, Aron},
  journal={Nature},
  volume={559},
  pages={547--555},
  year={2018}
}

@article{khu-natureg20,
  title={Artificial intelligence reconstructs missing climate information},
  author={Kadow, Christopher and Hall, David Matthew and Ulbrich, Uwe},
  journal={Nature Geoscience},
  volume={13},
  pages={408--413},
  year={2020}
}

@article{dbcl-gmd23,
  title={Machine learning for numerical weather and climate modelling: a review},
  author={de Burgh-Day, Catherine O and Leeuwenburg, Tennessee},
  journal={Geoscientific Model Development},
  volume={16},
  pages={6433--6477},
  year={2023}
}

@inproceedings{aige-aihl23,
  title={AI in Genomics and Epigenomics},
  author={Fishman, Veniamin and Sindeeva, Maria and Chekanov, Nikolay and Shashkova, Tatiana and Ivanisenko, Nikita and Kardymon, Olga},
  booktitle={Artificial Intelligence for Healthy Longevity},
  pages={217--243},
  year={2023}
}

@article{wsnp-nrg22,
  title={Navigating the pitfalls of applying machine learning in genomics},
  author={Whalen, Sean and Schreiber, Jacob and Noble, William S and Pollard, Katherine S},
  journal={Nature Reviews Genetics},
  volume={23},
  pages={169--181},
  year={2022}
}

@article{ai4sci-corr23,
	author={AI4Science, Microsoft Research and Quantum, Microsoft Azure},
  title        = {The Impact of Large Language Models on Scientific Discovery: a Preliminary
                  Study using {GPT-4}},
  journal      = {CoRR},
  volume       = {abs/2311.07361},
  year         = {2023}
}

@article{aiqtcs-corr23,
	author={Zhang, Xuan and Wang, Limei and Helwig, Jacob and Luo, Youzhi and Fu, Cong and Xie, Yaochen and Liu, Meng and Lin, Yuchao and Xu, Zhao and Yan, Keqiang and others},
  title        = {Artificial Intelligence for Science in Quantum, Atomistic, and Continuum
                  Systems},
  journal      = {CoRR},
  volume       = {abs/2307.08423},
  year         = {2023}
}

@article{wing-cacm21,
  title={Trustworthy AI},
  author={Wing, Jeannette M},
  journal={Communications of the ACM},
  volume={64},
  pages={64--71},
  year={2021}
}

@article{trustai-acmc23,
  title={Trustworthy AI: From principles to practices},
  author={Li, Bo and Qi, Peng and Liu, Bo and Di, Shuai and Liu, Jingen and Pei, Jiquan and Yi, Jinfeng and Zhou, Bowen},
  journal={ACM Computing Surveys},
  volume={55},
  pages={1--46},
  year={2023}
}

@article{kurd-csur22,
  title={Trustworthy artificial intelligence: a review},
  author={Kaur, Davinder and Uslu, Suleyman and Rittichier, Kaley J and Durresi, Arjan},
  journal={ACM computing surveys (CSUR)},
  volume={55},
  pages={1--38},
  year={2022}
}

@article{sss-cacm22,
  title={Toward verified artificial intelligence},
  author={Seshia, Sanjit A and Sadigh, Dorsa and Sastry, S Shankar},
  journal={Communications of the ACM},
  volume={65},
  pages={46--55},
  year={2022}
}

@article{rai-jams20,
  title={Explainable AI: From black box to glass box},
  author={Rai, Arun},
  journal={Journal of the Academy of Marketing Science},
  volume={48},
  pages={137--141},
  year={2020}
}

@article{lh-ipr20,
  title={Transparency in artificial intelligence},
  author={Larsson, Stefan and Heintz, Fredrik},
  journal={Internet Policy Review},
  volume={9},
  year={2020}
}

@article{trai-nature20,
  title={Transparency and reproducibility in artificial intelligence},
  author={Haibe-Kains, Benjamin and Adam, George Alexandru and Hosny, Ahmed and Khodakarami, Farnoosh and Massive Analysis Quality Control (MAQC) Society Board of Directors Shraddha Thakkar 35 Kusko Rebecca 36 Sansone Susanna-Assunta 37 Tong Weida 35 Wolfinger Russ D. 38 Mason Christopher E. 39 Jones Wendell 40 Dopazo Joaquin 41 Furlanello Cesare 42 and Waldron, Levi and Wang, Bo and McIntosh, Chris and Goldenberg, Anna and Kundaje, Anshul and others},
  journal={Nature},
  volume={586},
  pages={E14--E16},
  year={2020}
}

@article{hhll-corr22,
  author       = {Xiyang Hu and
                  Yan Huang and
                  Beibei Li and
                  Tian Lu},
  title        = {Uncovering the Source of Machine Bias},
  journal      = {CoRR},
  volume       = {abs/2201.03092},
  year         = {2022}
}

@article{lg-access19,
  title={Black-box vs. white-box: Understanding their advantages and weaknesses from a practical point of view},
  author={Loyola-Gonzalez, Octavio},
  journal={IEEE access},
  volume={7},
  pages={154096--154113},
  year={2019}
}

@article{yyx-if22,
  title={Unbox the black-box for the medical explainable AI via multi-modal and multi-centre data fusion: A mini-review, two showcases and beyond},
  author={Yang, Guang and Ye, Qinghao and Xia, Jun},
  journal={Information Fusion},
  volume={77},
  pages={29--52},
  year={2022}
}

@article{ya-lim19,
  title={What's inside the black box? AI challenges for lawyers and researchers},
  author={Yu, Ronald and Al{\`\i}, Gabriele Spina},
  journal={Legal Information Management},
  volume={19},
  pages={2--13},
  year={2019}
}

@article{carab-ais20,
  title={Black-box artificial intelligence: an epistemological and critical analysis},
  author={Carabantes, Manuel},
  journal={AI \& society},
  volume={35},
  number={2},
  pages={309--317},
  year={2020}
}

@article{jiv-nmi19,
  title={The global landscape of AI ethics guidelines},
  author={Jobin, Anna and Ienca, Marcello and Vayena, Effy},
  journal={Nature machine intelligence},
  volume={1},
  pages={389--399},
  year={2019}
}
%number={9},

@inproceedings{sbbl-aes20,
  title={What's next for ai ethics, policy, and governance? a global overview},
  author={Schiff, Daniel and Biddle, Justin and Borenstein, Jason and Laas, Kelly},
  booktitle={AIES},
  pages={153--158},
  year={2020}
}

@book{coeck-mitp20,
  title={AI ethics},
  author={Coeckelbergh, Mark},
  year={2020},
  publisher={Mit Press}
}

@article{dear-alr19,
  title={The wild, wild west: A case study of self-driving vehicle testing in arizona},
  author={DeArman, Alexandra},
  journal={Ariz. L. Rev.},
  volume={61},
  pages={983},
  year={2019}
}

@misc{euaiact21,
  title={Artificial Intelligence Act},
  author={EU},
  howpublished = {\url{http://tiny.cc/ahcnuz}},
  year={2021}
}

@misc{eucoord21,
  title={Coordinated plan on artificial intelligence – 2021 review},
  author={EU},
  howpublished = {\url{https://bit.ly/3hJG2HF}},
  year={2021}
}

@misc{hlegai20,
  title={Assessment list for trustworthy artificial intelligence (ALTAI) for self-assessment},
  author={HLEG AI},
  howpublished = {\url{https://bit.ly/3jAeHds}},
  year={2020}
}

@misc{hlegai19,
  title={Ethics guidelines for trustworthy AI},
  author={HLEG AI},
  howpublished = {\url{https://digital-strategy.ec.europa.eu/en/library/ ethics-guidelines-trustworthy-ai}},
  year={2010}
}


@misc{oecd21,
  title={Recommendation of the council on artificial intelligence},
  author={OECD},
  howpublished = {\url{https://legalinstruments.oecd.org/en/instruments/OECD-LEGAL-0449}},
  year={2021}
}

@misc{unesco21,
  title={Draft recommendation on the ethics of artificial intelligence},
  author={UNESCO},
  howpublished = {\url{https://unesdoc.unesco.org/ark:/48223/pf0000374266}},
  year={2021}
}

@article{vg-nmi21,
  title={Regulating AI in medicine in the United States and Europe},
  author={Vokinger, Kerstin N and Gasser, Urs},
  journal={Nature machine intelligence},
  volume={3},
  pages={738--739},
  year={2021}
}

@article{radem-rai20,
  title={Artificial intelligence and law enforcement},
  author={Rademacher, Timo},
  journal={Regulating artificial intelligence},
  pages={225--254},
  year={2020}
}

@inproceedings{darwiche-lics23,
  title={Logic for explainable AI},
  author={Darwiche, Adnan},
  booktitle={LICS},
  pages={1--11},
  year={2023}
}

@article{asjaa-dmkd21,
  title={Explainable artificial intelligence: an analytical review},
  author={Angelov, Plamen P and Soares, Eduardo A and Jiang, Richard and Arnold, Nicholas I and Atkinson, Peter M},
  journal={Wiley Interdisciplinary Reviews: Data Mining and Knowledge Discovery},
  volume={11},
  pages={e1424},
  year={2021}
}

@inproceedings{xudfzz-nlpcc19,
  title={Explainable AI: A brief survey on history, research areas, approaches and challenges},
  author={Xu, Feiyu and Uszkoreit, Hans and Du, Yangzhou and Fan, Wei and Zhao, Dongyan and Zhu, Jun},
  booktitle={NLPCC},
  pages={563--574},
  year={2019}
}

@inproceedings{hsmbs-xxai22,
  title={Explainable AI methods-a brief overview},
  author={Holzinger, Andreas and Saranti, Anna and Molnar, Christoph and Biecek, Przemyslaw and Samek, Wojciech},
  booktitle={xxAI},
  pages={13--38},
  year={2022}
}

@article{cgflb-corr19,
  author       = {Oana{-}Maria Camburu and
                  Eleonora Giunchiglia and
                  Jakob N. Foerster and
                  Thomas Lukasiewicz and
                  Phil Blunsom},
  title        = {Can {I} Trust the Explainer? Verifying Post-hoc Explanatory Methods},
  journal      = {CoRR},
  volume       = {abs/1910.02065},
  year         = {2019}
}

@inproceedings{jmb-aistats20,
  title={Feature relevance quantification in explainable AI: A causal problem},
  author={Janzing, Dominik and Minorics, Lenon and Bl{\"o}baum, Patrick},
  booktitle={AISTATS},
  pages={2907--2916},
  year={2020}
}

@article{hms-corr23,
  author       = {Xuanxiang Huang and
                  Jo{\~{a}}o Marques{-}Silva},
  title        = {The Inadequacy of Shapley Values for Explainability},
  journal      = {CoRR},
  volume       = {abs/2302.08160},
  year         = {2023}
}

@article{hms-corr23b,
  author       = {Xuanxiang Huang and
                  Jo{\~{a}}o Marques{-}Silva},
  title        = {A Refutation of Shapley Values for Explainability},
  journal      = {CoRR},
  volume       = {abs/2309.03041},
  year         = {2023}
}

@article{hms-corr23c,
  author       = {Xuanxiang Huang and
                  Jo{\~{a}}o Marques{-}Silva},
  title        = {Refutation of Shapley Values for {XAI} - Additional Evidence},
  journal      = {CoRR},
  volume       = {abs/2310.00416},
  year         = {2023}
}

@inproceedings{imsns-ijcai21,
  title={Reasoning-Based Learning of Interpretable ML Models.},
  author={Ignatiev, Alexey and Marques-Silva, Joao and Narodytska, Nina and Stuckey, Peter J},
  booktitle={IJCAI},
  pages={4458--4465},
  year={2021}
}

@inproceedings{hiicams-aaai22,
  title={Tractable explanations for d-DNNF classifiers},
  author={Huang, Xuanxiang and Izza, Yacine and Ignatiev, Alexey and Cooper, Martin and Asher, Nicholas and Marques-Silva, Joao},
  booktitle={AAAI},
  volume={36},
  pages={5719--5728},
  year={2022}
}

@inproceedings{hiims-kr21,
  author       = {Xuanxiang Huang and
                  Yacine Izza and
                  Alexey Ignatiev and
                  Jo{\~{a}}o Marques{-}Silva},
  editor       = {Meghyn Bienvenu and
                  Gerhard Lakemeyer and
                  Esra Erdem},
  title        = {On Efficiently Explaining Graph-Based Classifiers},
  booktitle    = {KR},
  pages        = {356--367},
  year         = {2021},
}

@inproceedings{hims-aaai23,
  title={Solving explainability queries with quantification: The case of feature relevancy},
  author={Huang, Xuanxiang and Izza, Yacine and Marques-Silva, Joao},
  booktitle={AAAI},
  volume={37},
  pages={3996--4006},
  year={2023}
}

@inproceedings{yisnms-aaai23,
  title={Eliminating the impossible, whatever remains must be true: On extracting and applying background knowledge in the context of formal explanations},
  author={Yu, Jinqiang and Ignatiev, Alexey and Stuckey, Peter J and Narodytska, Nina and Marques-Silva, Joao},
  booktitle={Proceedings of the AAAI Conference on Artificial Intelligence},
  volume={37},
  pages={4123--4131},
  year={2023}
}

@inproceedings{snimmsv-aaai22,
  title={Constraint-driven explanations for black-box ML models},
  author={Shrotri, Aditya A and Narodytska, Nina and Ignatiev, Alexey and Meel, Kuldeep S and Marques-Silva, Joao and Vardi, Moshe Y},
  booktitle={AAAI},
  volume={36},
  pages={8304--8314},
  year={2022}
}

@inproceedings{amgoud-ecsqaru21,
  title={Non-monotonic explanation functions},
  author={Amgoud, Leila},
  booktitle={ECSQARU},
  pages={19--31},
  year={2021}
}

@inproceedings{ll-clar21,
  title={A logic for binary classifiers and their explanation},
  author={Liu, Xinghan and Lorini, Emiliano},
  booktitle={CLAR},
  pages={302--321},
  year={2021}
}

@article{rcblt-ai21,
  title={Argumentative explanations for interactive recommendations},
  author={Rago, Antonio and Cocarascu, Oana and Bechlivanidis, Christos and Lagnado, David and Toni, Francesca},
  journal={Artif. Intell.},
  volume={296},
  pages={103506},
  year={2021}
}

@inproceedings{rcbt-kr20,
  title={Argumentation as a framework for interactive explanations for recommendations},
  author={Rago, Antonio and Cocarascu, Oana and Bechlivanidis, Christos and Toni, Francesca},
  booktitle={KR},
  volume={17},
  number={1},
  pages={805--815},
  year={2020}
}

@inproceedings{wgh-aies19,
  title={A formal approach to explainability},
  author={Wolf, Lior and Galanti, Tomer and Hazan, Tamir},
  booktitle={AIES},
  pages={255--261},
  year={2019}
}

@article{hms-corr23d,
  author       = {Xuanxiang Huang and
                  Jo{\~{a}}o Marques{-}Silva},
  title        = {From Robustness to Explainability and Back Again},
  journal      = {CoRR},
  volume       = {abs/2306.03048},
  year         = {2023}
}

@inproceedings{blrs-ceur22,
  title={Fast optimization of weighted sparse decision trees for use in optimal treatment regimes and optimal policy design},
  author={Behrouz, Ali and L{\'e}cuyer, Mathias and Rudin, Cynthia and Seltzer, Margo},
  booktitle={CEUR workshop proceedings},
  volume={3318},
  year={2022}
}

@article{lzlsr-neurips22,
  title={FasterRisk: Fast and accurate interpretable risk scores},
  author={Liu, Jiachang and Zhong, Chudi and Li, Boxuan and Seltzer, Margo and Rudin, Cynthia},
  journal={NeurIPS},
  volume={35},
  pages={17760--17773},
  year={2022}
}

@article{clrsww-dss22,
  title={A holistic approach to interpretability in financial lending: Models, visualizations, and summary-explanations},
  author={Chen, Chaofan and Lin, Kangcheng and Rudin, Cynthia and Shaposhnik, Yaron and Wang, Sijia and Wang, Tong},
  journal={Decision Support Systems},
  volume={152},
  pages={113647},
  year={2022}
}

@inproceedings{srp-fat22,
  title={On the existence of simpler machine learning models},
  author={Semenova, Lesia and Rudin, Cynthia and Parr, Ronald},
  booktitle={Proceedings of the 2022 ACM Conference on Fairness, Accountability, and Transparency},
  pages={1827--1858},
  year={2022}
}

@article{iims-corr20,
  author       = {Yacine Izza and
                  Alexey Ignatiev and
                  Jo{\~{a}}o Marques{-}Silva},
  title        = {On Explaining Decision Trees},
  journal      = {CoRR},
  volume       = {abs/2010.11034},
  year         = {2020}
}

@inproceedings{ijc-iclr15,
  author       = {Ian J. Goodfellow and
                  Jonathon Shlens and
                  Christian Szegedy},
  editor       = {Yoshua Bengio and
                  Yann LeCun},
  title        = {Explaining and Harnessing Adversarial Examples},
  booktitle    = {ICLR},
  year         = {2015}
}

@inproceedings{bk-tacas23,
  title={Towards formal XAI: formally approximate minimal explanations of neural networks},
  author={Bassan, Shahaf and Katz, Guy},
  booktitle={TACAS},
  pages={187--207},
  year={2023}
}

@article{hms-ijar-24,
  title={On the failings of Shapley values for explainability},
  author={Huang, Xuanxiang and Marques-Silva, Joao},
  journal={IJAR},
  pages={109112},
  year={2024},
  publisher={Elsevier}
}
